4244 5722
974 581 1223 647 ..34-

226 743 391 808 exhibuit
435 738 565 822 Quodsi
586 738 773 824 degetcsius
791 754 856 826 pro
875 738 1008 807 dictores
1034 742 1107 806 sive
1127 743 1284 824 dictator,
1312 744 1402 808 sicut
1420 744 1559 809 monos
1579 761 1644 828 pro
1665 760 1776 808 nasos
1795 744 1867 809 sive
1888 761 1986 809 omo-

226 875 282 930 tor
301 860 487 939 dicebatur,
520 859 649 925 Mettis
670 859 836 943 degrtnss‘s
855 861 927 925 sive
947 862 1097 928 Medds'es
1116 864 1304 950 degetoss'sss
1324 865 1487 950 orogrtod
1504 862 1634 944 entitas,
1665 859 1833 947 quemodo
1853 862 1985 927 inscri-

226 985 300 1069 ptio
321 983 413 1066 cippi
432 976 523 1065 opud
543 976 938 1063 liudulpho-linchettum
958 980 1145 1066 supplenda
1165 994 1232 1064 cst,
1261 1003 1329 1047 uon
1350 994 1401 1050 est
1419 986 1578 1071 princeps
1598 981 1821 1047 decurionum
1841 982 1899 1048 vel
1916 978 1984 1045 de-

228 1102 430 1180 cemvirum,
463 1117 561 1184 quem
592 1097 785 1165 Muellerus
812 1099 849 1162 in
877 1098 1155 1185 Gotongensitns
1181 1104 1432 1169 recensiouibus
1457 1100 1987 1192 s.1834.peg·173.coniecit,

228 1217 287 1284 sed
308 1217 458 1285 dictator
478 1218 603 1281 multus
625 1216 810 1307 irrogando
829 1222 1029 1305 praefectus,
1049 1230 1124 1287 tote
1144 1242 1227 1288 vero
1248 1223 1427 1309 inscriptio
1447 1223 1497 1285 sic
1516 1219 1696 1287 vertenda:

311 1335 447 1405 Poritos
467 1337 647 1419 Melosios,
668 1338 787 1405 Marce
806 1338 907 1423 filios,
927 1338 1068 1405 Meddix
1087 1340 1234 1407 dictator
1254 1339 1566 1426 origenismum.

397 1453 498 1541 Apud
518 1457 614 1521 Latii
634 1475 768 1542 quoque
787 1458 930 1543 populos
951 1455 1152 1525 dictatorcm
1178 1463 1215 1525 in
1236 1480 1300 1525 usu
1320 1463 1424 1525 fuisse
1445 1458 1669 1539 ordinarium,
1699 1458 1797 1525 testis
1824 1465 1877 1521 eet
1896 1452 1987 1519 Milo

230 1572 322 1663 opud
342 1571 542 1639 Ciceronem
563 1594 627 1661 pro
648 1574 781 1640 Milone
800 1575 846 1654 X,
859 1577 910 1643 M.
933 1579 1253 1649 ct.0relt.n.t⁰16.
1297 1577 1396 1663 Quod
1415 1588 1528 1644 eutem
1548 1574 1591 1641 ed
1612 1578 1868 1661 inscriptionem
1888 1570 1995 1637 illem

231 1696 365 1776 attinet,
399 1712 500 1781 quem
519 1693 709 1759 Muellerus
737 1694 759 1759 l.
781 1694 805 1761 l.
826 1696 967 1761 circiter
996 1699 1301 1787 quingentesimum
1322 1718 1445 1763 annum
1465 1717 1495 1765 e.
1519 1694 1600 1764 Chr.
1621 1714 1657 1762 n.
1678 1695 1824 1780 positam
1843 1690 1997 1771 censuit,

232 1832 274 1879 en
293 1814 439 1877 nimium
458 1822 615 1878 wuucets
634 1823 686 1877 est
705 1815 743 1877 in
763 1825 907 1900 unaque
927 1824 1025 1901 perte
1046 1837 1217 1898 versuum,
1239 1838 1339 1901 quem
1350 1837 1434 1905 quse
1453 1819 1526 1881 siue
1546 1815 1620 1880 ulle
1638 1811 1866 1877 hariolatiene
1886 1810 2000 1875 resti·

234 1933 289 1998 tui
309 1933 424 2018 possit,
455 1930 516 1996 sed
536 1933 603 2012 jem
623 1942 766 2019 propter
793 1936 946 2017 antiques
968 1934 1132 2000 Oscerum
1152 1937 1332 2002 literarum
1352 1938 1478 2025 ligures
1506 1955 1607 2021 quem
1635 1933 1782 1997 menime
1802 1929 1920 2021 digne,
1954 1936 2001 1993 ut

235 2050 438 2135 explicetur,
459 2062 622 2134 quantum
642 2050 719 2114 lieri
739 2050 851 2119 liceat
884 2052 1075 2119 Muellerus
1095 2058 1164 2137 jem
1184 2066 1277 2121 recte
1298 2054 1435 2141 quidem
1455 2055 1637 2143 perspexit,
1657 2048 1835 2115 vocelems'
1854 2056 2002 2135 praeter

236 2168 463 2234 recentiorem
483 2168 629 2255 figurem
649 2167 907 2253 hieroglyphice
928 2170 1039 2233 adhuc
1058 2175 1165 2234 trium
1186 2173 1374 2259 digitorum
1392 2194 1511 2239 munus
1530 2182 1611 2237 note
1631 2168 1751 2250 scribi,
1773 2167 1902 2255 qualem
1922 2164 2002 2229 Im·

234 2284 544 2372 pentorclaudins
565 2283 745 2369 alphabeto
766 2302 829 2347 suo
849 2281 992 2365 eddidit,
1012 2306 1120 2372 neque
1141 2298 1255 2354 tamen
1275 2287 1447 2376 duplicem
1467 2285 1540 2368 ejus
1560 2287 1707 2375 ligurum
1727 2289 1868 2364 esurit,
1890 2300 2006 2367 quum

234 2422 259 2468 ss
279 2422 413 2487 quoque
433 2418 620 2465 consensus
639 2399 753 2465 habet.
793 2401 821 2463 E
842 2400 972 2468 duabus
992 2403 1173 2471 literarum
1193 2409 1217 2471 d
1236 2417 1271 2471 et
1290 2408 1312 2471 k
1332 2406 1449 2495 liguris
1469 2403 1577 2469 eltern
1602 2404 1705 2471 modo
1725 2398 1913 2471 rotundior
1934 2408 2004 2479 est,

236 2519 298 2586 sed
316 2540 337 2584 e
357 2517 486 2583 duobus
517 2518 641 2582 literae
670 2537 699 2581 os
730 2517 849 2606 figuris
883 2520 992 2585 alteru
1022 2533 1073 2588 est
1098 2526 1330 2609 antiquissime
1358 2542 1521 2608 uquarum
1545 2533 1637 2588 nots.
1679 2524 1791 2588 Etiam
1819 2514 1958 2588 voculis
1979 2534 2003 2583 ι

237 2636 371 2725 duplici
400 2634 504 2702 modo
535 2637 717 2716 scribitur,
749 2634 839 2701 unde
869 2638 1012 2703 alteram
1042 2642 1189 2729 figuram
1214 2644 1251 2705 in
1284 2638 1471 2729 alphabetis
1503 2638 1639 2705 tubulus
1658 2634 1704 2701 11.
1731 2656 1795 2724 pro
1815 2658 1838 2701 o
1859 2634 2003 2713 noteris

238 2760 355 2822 nescio
375 2766 500 2836 temen,
523 2772 567 2819 eu
587 2758 625 2818 in
645 2755 708 2818 illa
728 2774 824 2836 voce,
847 2776 946 2842 quum
959 2756 1150 2824 Muellerus
1170 2764 1282 2827 neonis
1302 2778 1367 2845 pro
1388 2762 1503 2826 sesols
1522 2760 1617 2847 legit,
1639 2775 1826 2822 consonans
1847 2754 2004 2841 lpotius

239 2872 439 2962 accipienda
459 2874 516 2954 sit,
537 2892 703 2957 vocesque
723 2874 878 2964 singulae
898 2878 948 2939 sic
968 2877 1202 2966 sejungendse,
1224 2890 1264 2943 ut
1284 2881 1507 2963 inscription
1526 2878 1719 2941 nominibus
1740 2878 1844 2944 ...niis
1866 2872 2004 2941 ocilen-

239 2996 294 3061 sis
314 2993 501 3060 Mentitus
522 2992 558 3055 h.
581 3010 609 3057 s.
631 2995 744 3059 ...sios
765 2992 1111 3074 Oitenoisstonistsn
1131 2998 1223 3061 enim
1244 2999 1435 3087 intelligere
1455 2995 1591 3062 diverse
1611 2994 1825 3060 consonantis
1845 3012 1866 3059 n
1888 2993 2004 3083 figure

240 3130 310 3176 non
331 3112 486 3196 patitur),
508 3112 654 3177 Nemini
674 3112 776 3196 filius,
796 3113 952 3199 incipiet.
993 3112 1047 3177 An
1066 3116 1104 3177 in
1128 3112 1223 3184 Ks...
1251 3135 1375 3181 nomen
1400 3117 1484 3181 cinis
1513 3108 1630 3196 latent,
1662 3114 1829 3178 eflirmsrl
1859 3112 2004 3197 nequit3

240 3228 301 3295 ssd
322 3232 434 3315 prime
452 3248 522 3293 vox
542 3226 682 3292 secundi
702 3249 820 3294 versus
847 3233 1001 3319 suppleri
1021 3244 1132 3319 potest
1152 3234 1350 3302 Monotes
1370 3232 1404 3297 h.
1428 3252 1456 3299 e.
1478 3234 1696 3299 Mamercinus
1716 3234 1790 3297 sive
1809 3232 2008 3318 Μαμαρκι·

242 3348 350 3430 voire,
380 3345 661 3433 quemadmodum
687 3346 877 3434 Stephanus
896 3352 1101 3437 Byzantinus
1122 3374 1148 3422 s.
1170 3376 1204 3420 v.
1231 3342 1443 3447 Μαμᾶρκινα
1464 3354 1610 3438 scripsit.
1654 3348 1905 3415 Mamercinum
1926 3344 2008 3413 Ste·

242 3466 349 3554 phuni
370 3467 553 3532 Marciorum
574 3486 644 3531 esso
664 3469 798 3550 urbem,
830 3472 924 3534 inter
949 3470 1189 3538 Sirenuserum
1214 3471 1489 3558 promontorium
1515 3480 1551 3535 et
1575 3468 1790 3535 Posidonium
1809 3464 2009 3533 secundum

243 3584 449 3651 Strabonem
468 3585 517 3666 V,
550 3595 635 3650 extr.
660 3605 679 3648 a
700 3586 821 3651 Tuscis
848 3588 1019 3655 conditam
1050 3600 1086 3655 et
1115 3608 1138 3655 t
1167 3588 1374 3655 Samnitibus
1404 3587 1599 3667 habitatum,
1632 3589 1701 3667 jem
1730 3587 1793 3652 stit
1823 3584 2010 3653 viderunt.

244 3704 389 3773 Gcsntis
410 3715 524 3770 eutem
550 3706 694 3768 flexione
719 3706 826 3769 simili
846 3717 948 3793 atque
969 3709 1110 3774 dolioirss
1136 3706 1226 3794 spud
1246 3707 1386 3770 Paulum
1405 3706 1603 3781 Diaconum,
1637 3704 1728 3792 quod
1747 3706 1872 3771 Suutru
1895 3700 2013 3767 Gree-

245 3844 327 3890 cum
348 3819 500 3891 δείλαιον
520 3842 591 3887 esse
611 3826 756 3912 putavit,
783 3824 908 3891 Latino
928 3831 1090 3912 ganniens
1110 3824 1301 3913 respondet,
1323 3836 1486 3911 quatenus
1506 3844 1526 3888 e
1547 3823 1677 3890 Graeco
1698 3824 1804 3888 verbo
1830 3822 2016 3910 γάνυσθαι

242 3940 445 4022 derivetur3
478 3942 584 4007 Iustus
604 3961 688 4030 crgo
708 3944 892 4031 significat,
914 3956 1015 4031 atque
1035 3966 1113 4009 cum
1133 3954 1290 4029 sequente
1310 3944 1416 4008 verbo
1433 3940 1638 4025 periclito...
1661 3941 1733 4007 eive
1752 3941 1867 4027 potius
1887 3938 2018 4023 perlec-

245 4060 387 4139 tineent
409 4060 459 4140 (h.
483 4079 514 4125 e.
535 4063 717 4145 perqoieoit
738 4081 816 4125 curn
835 4062 1105 4149 reduplicatione
1126 4064 1222 4138 Osce)
1244 4061 1447 4150 jungendum
1468 4071 1530 4141 est,
1551 4070 1590 4125 ut
1609 4060 1723 4124 verbis
1744 4058 1850 4125 tostos
1869 4058 2017 4144 perpet-

246 4183 317 4246 enit
337 4178 429 4243 idem
450 4176 595 4257 dicatur,
618 4176 709 4262 quod
729 4178 861 4263 Ulyssis
881 4179 1018 4246 reducis
1039 4183 1076 4244 in
1097 4183 1242 4267 petriam
1260 4182 1373 4272 imago
1394 4198 1497 4266 supro
1516 4180 1627 4263 posite
1645 4186 1888 4265 repraesentet.
1919 4174 2019 4243 Teo

248 4298 360 4386 igitur
379 4298 560 4382 inscriptio
580 4298 629 4360 sic
649 4296 722 4384 legi
744 4300 899 4383 vertique
919 4301 1064 4385 poterit:

336 4419 438 4483 ...niis
459 4416 627 4481 Oeilensis
647 4416 853 4497 Niomisieis,
1001 4418 1069 4485 lt...
1092 4415 1299 4497 Mamertina,
1319 4418 1453 4502 geretis
1470 4414 1716 4500 perletietned)=

336 4537 448 4602 ...nius
470 4533 649 4598 Oilennius
669 4533 821 4598 Numisii
842 4531 972 4614 (filius),
995 4535 1080 4598 civis
1100 4533 1342 4615 Mamercinus,
1363 4535 1473 4603 lestus
1492 4535 1698 4622 perquievitr

478 4653 627 4719 Meddiss
648 4653 839 4736 degetosius
859 4649 1038 4737 ors(getod
1055 4650 1196 4732 mettas).

474 4770 621 4836 -Msddir
665 4770 817 4837 dictator
836 4768 1003 4859 adigendo
1065 4770 1200 4835 multos.
