4244 5722
586 1199 611 1250 ⁸
750 1276 1213 1371 rarescere
1289 1274 1429 1367 VIII.

379 1499 518 1608 Res
563 1507 934 1617 tractatos
986 1508 1386 1617 summatim
1438 1509 1804 1651 repetens

967 1770 1213 1782 *-

403 1963 432 2025 1.
475 1927 520 2030 J
520 1981 573 2023 am
594 1961 773 2028 Cluverius
800 1975 890 2029 recta
910 1986 974 2050 pro
995 1976 1089 2032 certo
1110 1969 1305 2048 affirmavit,
1332 1985 1435 2030 unam
1459 1963 1661 2049 eandemque
1680 1964 1782 2027 tuisse
1809 1969 1953 2048 gentem,

234 2077 291 2160 qui
311 2077 415 2145 rafim
434 2080 685 2163 appellarentur
704 2085 906 2163 nominibus,
931 2081 1090 2164 Ausones,
1122 2083 1304 2165 Aesacos,
1332 2086 1443 2150 Oscos.
1486 2084 1601 2148 Testes
1621 2084 1698 2145 sun't
1717 2079 1868 2155 Servius,
1898 2077 1956 2160 qui

231 2192 273 2258 ad
294 2194 392 2281 Virg.
414 2196 454 2262 A.
477 2195 556 2276 VH,
569 2199 640 2263 727.
663 2201 853 2280 annotavit,
883 2197 1053 2266 Aansaros
1074 2201 1203 2266 Graece
1223 2199 1370 2268 Ausones
1390 2202 1578 2278 nominari,
1605 2208 1641 2262 at
1657 2196 1874 2275 Aristoteles,
1895 2195 1954 2277 qui

231 2313 267 2375 in
288 2313 508 2379 Politicorum
529 2316 618 2378 libro
638 2315 717 2397 VII,
729 2321 759 2384 9.
782 2320 934 2404 scripsit=
955 2311 1079 2386 ’Ώιιοον
1099 2318 1137 2387 δὲ
1157 2317 1195 2387 τὸ
1216 2316 1277 2403 μὲν
1302 2315 1389 2405 πρὸς
1407 2297 1466 2404 τὴν
1488 2309 1674 2405 Τοῤῥηνίαν
1692 2307 1872 2393 Ὀπικοὶ,
1899 2305 1956 2376 sat

231 2425 392 2520 πρότερον
412 2428 470 2497 καὶ
489 2434 544 2498 νῦν
564 2425 762 2516 καλούμενοι
780 2431 840 2522 τὴν
860 2430 1052 2520 ἐπωνυμίαν
1071 2435 1270 2514 Αὔσονος.
1313 2435 1406 2499 Idem
1426 2433 1608 2499 secundum
1623 2432 1820 2497 Strabonem
1831 2429 1953 2509 V,t‚e.

231 2570 306 2638 pag.
329 2553 400 2617 242
431 2548 615 2614 Antiochus
635 2548 862 2634 Syracusanus
883 2555 1127 2634 affirmaverat,
1156 2555 1406 2639 antiquissimus
1433 2554 1593 2617 Italorum
1620 2570 1735 2614 rerum
1756 2558 1890 2627 auctor,
1920 2556 1956 2609 at

231 2687 329 2730 nemo
349 2670 421 2731 iere
440 2667 537 2746 vidit,
560 2666 706 2747 ejusdem
723 2671 838 2751 stirpis
858 2670 960 2732 luisse
974 2668 1107 2734 leabros
1117 2681 1153 2734 et
1161 2668 1373 2754 Aborigines,
1400 2689 1481 2755 qnos
1492 2668 1659 2733 Hesiodus
1674 2640 1953 2753 in'l'heog.'1013.

229 2783 368 2864 Agrium
388 2792 485 2865 atque
503 2780 658 2846 Latinam
678 2783 799 2845 iratres
814 2781 909 2847 dixit.
941 2785 1017 2847 Hoc
1038 2796 1148 2849 tamen
1168 2807 1236 2849 non
1257 2788 1366 2850 solnm
1377 2785 1583 2851 Graecorum
1604 2783 1840 2872 mythographi
1859 2792 1958 2865 atque

160 2885 164 2894 ¹
229 2899 432 2986 linguarum,
459 2918 543 2981 quae
564 2907 703 2977 exstant,
731 2898 906 2980 reliquiae,
934 2899 991 2962 sed
1012 2902 1084 2985 ipsa
1104 2911 1268 2966 testantur
1287 2905 1430 2966 nomina.
1475 2899 1760 2984 Quemadmodum
1781 2902 1870 2963 enim
1889 2895 1958 2964 Aa·

230 3018 324 3081 sanci
344 3017 438 3100 quasi
456 3011 613 3081 Ausonici
632 3015 673 3077 ab
694 3011 882 3080 Aesontius
901 3020 1013 3080 vocati
1033 3029 1122 3098 sunt,
1149 3022 1199 3082 sic
1219 3017 1368 3087 Ausones
1388 3022 1480 3104 qussi
1499 3017 1646 3088 Aarones'
1666 3020 1707 3083 ab
1728 3015 1852 3097 Acriis,
1875 3035 1956 3100 qnos

184 3165 191 3184 ι
229 3135 396 3198 anarum
422 3142 542 3196 auctor
568 3129 749 3197 secundum
770 3130 1013 3218 Apollodorum
1041 3134 1069 3214 I,
1081 3140 1113 3217 6,
1124 3139 1154 3201 2.
1169 3135 1224 3216 Π,
1235 3139 1267 3216 5,
1278 3139 1309 3202 i.
1332 3135 1469 3225 Giganti
1497 3147 1530 3201 et
1556 3135 1741 3217 Centauro,
1769 3135 1825 3200 vel
1845 3133 1956 3220 potius

231 3230 411 3315 secundum
431 3249 618 3312 Homerum
646 3247 744 3316 Iliad.
767 3248 863 3329 XIV,
877 3255 946 3317 117.
981 3251 1100 3316 Aetolo
1122 3254 1228 3317 Oenei
1251 3257 1351 3318 fratri
1376 3258 1586 3343 cognomines
1613 3257 1704 3333 fecit,
1733 3251 1853 3317 Umbri
1873 3270 1955 3316 varo

231 3389 271 3433 ax
291 3369 427 3455 linguae
448 3386 526 3429 suae
547 3365 671 3445 indole,
699 3387 764 3449 qua
785 3369 915 3431 vocales
936 3389 957 3432 ο
978 3379 1011 3434 et
1030 3391 1051 3434 o
1072 3373 1162 3435 inter
1181 3392 1217 3435 se
1237 3368 1423 3457 permutari
1444 3373 1606 3452 solebant,
1635 3370 1800 3460 ΟΓριος
1825 3386 1955 3453 quoque

231 3487 286 3551 vel
311 3481 495 3572 ΟἙρικος
517 3484 689 3568 ,appellare
709 3493 901 3568 potuerunt,
930 3485 1018 3550 unde
1039 3479 1294 3575 am'vpspos
1312 3493 1383 3555 sive
1400 3483 1583 3578 Ὀμβρικοὶ,
1617 3510 1715 3573 qnam
1734 3482 1871 3556 ’maol
1885 3489 1956 3550 sire

222 3596 340 3668 ’Όοκοι
360 3602 476 3680 (Olsci
494 3599 674 3664 secundnm
694 3601 840 3698 Festum)
860 3621 982 3667 noman
1003 3611 1142 3671 traxisse
1162 3607 1332 3672 videntur.
1374 3607 1418 3672 At
1437 3605 1647 3691 Aborigines,
1673 3627 1756 3691 quos
1775 3603 1956 3669 secundnm

230 3728 366 3789 Livium
387 3725 415 3803 I,
426 3724 457 3789 2.
485 3723 610 3788 Aeneas
632 3744 708 3787 cum
728 3724 886 3805 Troianis
914 3730 1037 3790 mixtos
1062 3725 1201 3792 Larisos
1227 3727 1410 3812 appellasse
1440 3725 1581 3805 dicitur,
1613 3709 1718 3808 nequa
1750 3725 1791 3788 ab
1822 3719 1955 3811 ὄρεσι,

231 3842 320 3929 quod
341 3842 479 3922 Graeci,
502 3861 608 3926 nequa
629 3842 670 3905 ab
692 3846 837 3926 origine,
858 3843 947 3928 quod
968 3846 1125 3924 Romani,
1146 3865 1253 3929 neque
1274 3845 1314 3907 ab
1336 3845 1490 3925 errando,
1517 3842 1606 3927 quod
1626 3840 1807 3905 secundum
1828 3841 1955 3924 Diony·

230 3965 315 4024 sium
331 3961 656 4023 Halicarnassensem
677 3961 832 4024 nonnulli
852 3962 938 4024 malo
954 3964 1199 4040 existimarunt,
1223 3961 1281 4026 sed
1293 3964 1386 4045 quasi
1404 3957 1678 4050 Ἀβοριγινιῖς
1698 3962 1769 4022 sive
1791 3960 1832 4022 ob
1841 3957 1955 4024 Atriis

230 4079 361 4145 oriundi
380 4080 543 4142 nominati
565 4098 634 4141 esso
650 4075 828 4143 'videntum
873 4078 969 4142 Unde
998 4078 1180 4142 Abriorum
1208 4080 1264 4144 vel
1288 4080 1472 4143 Atriorum
1503 4099 1624 4142 nomen
1654 4076 1873 4142 derivandum
1899 4078 1954 4156 sit,

229 4216 296 4261 non
318 4195 450 4281 quidam
471 4197 594 4279 liquet3
626 4194 684 4260 sed
704 4194 825 4285 Agrios
845 4196 976 4260 eosdem
996 4199 1142 4280 potuisse
1167 4199 1303 4276 vocari,
1333 4194 1459 4262 Averni
1485 4217 1606 4261 nomen
1626 4195 1667 4258 ab
1688 4194 1879 4258 Acherunte
1899 4192 1956 4259 de-

229 4313 366 4378 ductum
386 4311 494 4377 docet.
527 4313 669 4379 Umbros
686 4324 777 4378 carte
798 4316 839 4379 ab
860 4303 976 4401 ὄμβρῳ
996 4315 1180 4399 appellatos
1200 4334 1280 4394 esse,
1301 4314 1430 4377 Plinius
1450 4316 1546 4378 nobis
1566 4334 1633 4376 non
1654 4315 1757 4401 magis
1767 4311 1953 4398 persuadet,

229 4454 325 4517 quom
347 4432 591 4496 recentioribus
619 4430 803 4513 credimus,
832 4434 891 4515 qni
908 4424 1066 4510 Ὀπικούς
1094 4433 1135 4495 ab
1164 4433 1234 4517 Ope
1264 4435 1539 4518 interpretantur.
1582 4433 1701 4495 Omnia
1729 4433 1790 4494 illa
1819 4433 1953 4494 nomina

230 4549 378 4634 ejmdem
398 4552 510 4635 potius
531 4551 632 4612 tuisse
652 4551 803 4637 originis,
825 4548 902 4613 indo
924 4552 1092 4632 conjicere
1112 4551 1204 4630 licat,
1226 4550 1316 4634 quod
1332 4552 1464 4636 populis
1485 4570 1616 4634 qnoque
1629 4548 1767 4613 eandem
1788 4551 1952 4637 originem

229 4669 392 4733 dederunt
411 4665 616 4736 Graecorum
636 4667 881 4756 mythographi.

390 4789 422 4851 2.
465 4783 653 4848 Secundum
675 4805 731 4865 aa,
760 4806 843 4869 quae
864 4785 1180 4870 Paulusslliaoonus
1201 4805 1220 4850 e
1240 4789 1336 4852 Festo
1357 4787 1540 4872 excerpsit,
1569 4787 1750 4850 Ausoniam
1771 4784 1951 4870 appellavit

226 4902 352 4988 Aaron,
371 4904 479 4969 Ulixis
500 4913 533 4968 at
553 4900 713 4988 Calypsus
731 4903 832 4985 filim,
860 4936 899 4952 -·
925 4924 1032 4990 aquo
1058 4903 1225 4971 conditam
1251 4906 1442 4970 Anrnncam
1472 4905 1591 4969 urbem
1619 4906 1722 4970 etiam
1754 4902 1885 4982 ferunt,
1905 4911 1941 4966 at
