4244 5722
850 563 1243 653 -12-

257 731 387 816 putuvi,
408 730 483 793 aliis
504 729 539 790 in
560 728 654 809 locis,
676 739 714 794 ut
735 727 967 810 1v‚a,2a.37.
990 717 1098 816 σανρα
1117 730 1281 814 scriptum
1302 737 1370 823 esti
1397 723 1503 814 ετραφ
1523 746 1605 793 vero
1626 725 1768 793 Umbros
1795 711 1989 814 proditore

259 846 396 928 dixisse,
419 843 695 931 quemadmodum
715 848 856 910 Romani
876 850 988 912 itennu
1009 866 1071 933 pro
1093 846 1225 911 alterum
1246 845 1415 926 dicebant,
1436 855 1536 930 atque
1556 845 1644 931 apud
1664 847 1851 910 Homerum
1871 843 1990 938 ἕτερος

260 967 313 1033 vel
333 967 475 1030 alterum
488 966 533 1029 Jl.
544 963 673 1045 XXIV,
687 968 759 1033 528.
770 965 842 1032 ⁵98.
855 966 911 1031 val
932 966 1133 1029 alterutrum
1144 965 1188 1028 II.
1200 964 1244 1044 V,
1256 968 1327 1034 258.
1340 965 1425 1045 288,
1444 959 1552 1048 ἕτερον
1571 964 1627 1028 vel
1647 965 1771 1030 alteros
1781 965 1826 1029 Il.
1839 963 1917 1048 x11‚
1927 971 1986 1035 93.

260 1083 316 1149 val
335 1083 516 1146 alterutros
535 1084 579 1150 Jl.
602 1082 679 1164 XX,
690 1086 761 1148 210.
783 1084 1070 1170 significat'sexta
1090 1083 1203 1147 tabule
1223 1081 1330 1163 docet,
1352 1083 1411 1146 ubi
1432 1081 1495 1161 VI,
1508 1102 1539 1162 a,
1551 1085 1601 1149 18.
1623 1082 1718 1165 cupif
1730 1084 1867 1175 perdito
1887 1084 1986 1166 dupla
2032 1086 2036 1092 ’

260 1203 343 1280 nitu,
365 1221 460 1265 ancre
480 1201 579 1284 dupla
599 1205 671 1266 nitu
691 1203 827 1289 legitur.
870 1199 1163 1281 Aue·1v‚a‚37.
1186 1203 1270 1264 mihi
1290 1221 1367 1264 eum
1387 1219 1446 1264 usa
1466 1198 1513 1279 V,
1530 1220 1561 1278 a,
1578 1202 1621 1280 4.,
1650 1198 1739 1284 quod
1765 1195 1863 1290 εὐχὴν
1883 1202 1986 1290 signi-

261 1319 349 1399 ficat,
371 1329 550 1408 cognatum
570 1338 638 1382 esse
658 1318 806 1399 videtur,
828 1340 931 1402 quum
951 1338 1018 1380 non
1038 1318 1146 1382 solnm
1157 1314 1229 1400 VI,
1248 1338 1278 1398 a,
1296 1319 1346 1384 25.
1368 1320 1495 1400 copirso
1516 1317 1643 1399 andoin,
1665 1318 1699 1380 h.
1722 1338 1751 1385 e.
1772 1339 1851 1382 cum
1870 1317 1987 1404 capide

262 1439 458 1523 supplicato,
481 1435 538 1499 sed
559 1439 658 1500 etiam
680 1436 743 1517 VI,
755 1457 785 1516 a,
797 1439 848 1503 24.
872 1439 997 1518 copirsc
1014 1456 1110 1518 perso
1131 1407 1249 1517 oentn,
1272 1435 1304 1497 h'.
1329 1455 1358 1501 e.
1380 1457 1456 1499 oum
1477 1433 1592 1520 capide
1611 1456 1725 1531 preces
1746 1447 1859 1517 orato,
1880 1438 1990 1521 scrip-

261 1565 334 1620 tum
355 1557 409 1636 sit,
432 1573 576 1638 quocum
597 1557 750 1618 conferre
765 1554 852 1618 iicet
872 1553 1016 1617 Homeri
1036 1573 1153 1618 versus
1173 1554 1214 1617 Jl.
1236 1550 1365 1633 XXIII,
1384 1557 1452 1621 196.
1474 1548 1583 1618 πολλὰ
1605 1549 1720 1619 δὲκαὶ
1740 1549 1889 1620 σπένδων
1910 1575 1990 1642 χρυ-

262 1667 327 1758 σέῳ
350 1667 456 1737 δέπαϊ
472 1664 637 1737 λιτάνευεν
658 1681 692 1734 at
710 1671 755 1735 Jl.
777 1667 907 1751 XXIV,
923 1674 995 1739 287.
1018 1671 1153 1737 σπεῖσον
1172 1668 1236 1736 Διῒ
1251 1666 1354 1759 πατρὶ
1379 1666 1438 1736 καὶ
1458 1665 1550 1751 εὔχεο
1573 1681 1636 1736 cet.
1678 1669 1736 1734 Sic
1760 1669 1847 1756 apud
1867 1671 1991 1760 Virgi-

262 1789 349 1852 lium
371 1789 411 1853 G.
433 1789 493 1868 IV,
504 1791 577 1856 381.
600 1786 746 1870 Cyrenes
771 1788 896 1852 Oceano
918 1789 1058 1870 libemus,
1079 1791 1145 1868 ait;
1166 1789 1266 1851 simul
1286 1791 1358 1883 ipsa
1371 1799 1542 1874 precatur.
1584 1787 1777 1853 Notandum
1796 1798 1846 1852 eat
1864 1799 1990 1868 antem,

217 1995 220 2003 Ι
264 1906 366 1990 quod,
389 1928 490 1990 quum
510 1909 546 1968 in
566 1887 657 1970 sexta
676 1905 790 1969 tabula
809 1907 894 1989 mesa
914 1907 1009 1990 spese
1028 1908 1183 1972 Fiaoniuo
1201 1907 1265 1987 VI,
1282 1927 1313 1987 a,
1331 1911 1352 1973 9
1373 1917 1407 1970 et
1428 1910 1477 1972 14.
1499 1908 1625 1988 ocrr'per
1643 1907 1752 1986 Festo,
1773 1915 1900 1989 totuper
1919 1908 1988 1991 ljo-

152 2076 156 2084 .
265 2027 340 2090 niun
360 2044 491 2087 sacrum
510 2026 579 2102 fiat,
611 2025 648 2084 iu
676 2035 794 2107 quarta
824 2036 901 2089 exta
932 2046 1008 2089 oum
1041 2046 1135 2088 maza
1165 2026 1276 2089 Fisovi
1300 2045 1364 2106 pro
1394 2035 1498 2090 moute
1517 2027 1608 2090 Fato
1642 2025 1878 2111 porriciantnr,
1908 2045 1989 2089 cum

140 2150 145 2160 ‘
265 2125 381 2225 capide
413 2142 538 2204 libetur
565 2161 626 2221 pro
655 2106 730 2204 'tota
760 2143 915 2223 Iguvium·
956 2143 993 2203 in
1023 2145 1163 2227 septima
1190 2152 1307 2205 contra
1338 2140 1450 2205 tabula
1487 2142 1685 2222 V11‚a,3⁷.
1720 2153 1796 2206 exta
1824 2153 1857 2207 et
1892 2164 1989 2207 mma

264 2261 367 2345 spissa
407 2257 529 2322 dentur
570 2259 681 2322 Fisovi
721 2256 839 2320 Sansio
870 2280 932 2341 pro
950 2260 1082 2342 'populo
1127 2262 1227 2323 totius
1268 2260 1444 2342 Ignoiaoe,¹
1489 2282 1551 2343 pro
1596 2271 1665 2326 totu
1704 2263 1854 2345 lgooim.
1921 2261 1990 2342 Ρη)

198 2348 204 2358 ἱ
264 2388 376 2441 monte
412 2378 500 2439 Fisio
530 2386 564 2438 et
605 2386 676 2439 toto
716 2376 857 2464 Iguvina
898 2377 935 2437 in
975 2387 1068 2442 sexta
1108 2378 1232 2462 tabula·
1261 2398 1318 2442 sex
1359 2381 1475 2463 priora
1515 2380 1680 2441 sacrificia
1721 2380 1822 2460 fiunt,
1871 2389 1911 2444 ut
1953 2381 1990 2442 iu

264 2495 403 2580 septima
443 2493 557 2558 tabula
588 2513 644 2557 ser
686 2496 873 2579 posteriora
903 2496 1066 2557 sacrificia
1105 2515 1167 2579 pro
1199 2497 1324 2580 populo
1357 2499 1458 2560 totius
1489 2496 1665 2585 Iguvinoe,
1715 2516 1776 2582 pro
1807 2506 1880 2561 tota
1903 2497 1989 2586 Igu·

263 2616 375 2693 vina,
405 2612 463 2675 aed
496 2615 532 2674 in
561 2622 678 2694 quarta
713 2613 825 2675 tabula
857 2623 1001 2696 quatuor
1032 2615 1207 2697 postremis
1236 2615 1408 2677 sacrificiis
1438 2614 1524 2676 nihil
1555 2613 1716 2695 ejusmodi
1746 2613 1895 2679 additum
1926 2625 1988 2696 est,

267 2733 409 2795 et'sicut
428 2730 534 2794 verbo
553 2730 686 2810 perdito
706 2729 788 2812 fust,
828 2729 996 2809 V1,a‚42.
1018 2729 1122 2796 'h.·e.
1146 2732 1212 2794 rito
1242 2732 1462 2795 sacrificatum
1492 2734 1548 2812 sit,
1580 2731 1668 2815 quod
1698 2735 1800 2795 etiam
1819 2732 1988 2813 IV,a,39.

266 2858 343 2912 ante
365 2846 597 2911 duodecimum
617 2849 816 2910 sacrificium
838 2847 976 2934 legitur,
998 2866 1054 2909 sex
1074 2849 1190 2931 priora
1210 2850 1372 2911 sacrificia
1391 2860 1611 2912 secernuntur
1630 2871 1651 2913 a
1671 2851 1823 2934 reliquis,
1845 2853 1892 2913 sic
1911 2860 1992 2936 post

267 2977 421 3030 octavum
442 2965 641 3028 sacrificium
661 2963 724 3042 IV,
735 2986 764 3043 a,
779 2968 810 3031 7.
832 2964 988 3051 legimus:
1020 2984 1093 3027 svau
1115 2960 1201 3049 exod
1221 2963 1334 3044 usta}
1353 2986 1458 3052 pauc,
1485 2967 1573 3049 quod
1593 2968 1677 3030 mihi
1696 2969 1770 3033 iude
1790 2989 1876 3033 mona
1892 2971 1990 3049 pico·

265 3085 326 3148 dna
347 3087 410 3148 erit
430 3081 627 3147 vertendum
648 3081 794 3161 videtur,
818 3085 896 3166 quia
906 3081 968 3160 VI,
981 3102 1011 3161 a,
1023 3085 1064 3147 46
1075 3103 1122 3165 sq.
1146 3102 1204 3145 cuo
1226 3058 1304 3146 ocur
1320 3083 1416 3165 pitu
1436 3082 1681 3171 fnatscriptum
1701 3096 1760 3166 est,
1782 3088 1877 3166 cujus
1897 3087 1992 3174 geni·

267 3205 356 3266 tivm
377 3201 439 3281 VI,
450 3202 483 3280 b,
496 3205 546 3267 19.
568 3220 661 3264 ocrer
684 3201 821 3281 piltoner
848 3200 983 3286 legitur.
1026 3198 1309 3280 Quemadmodum
1340 3200 1464 3265 ibidem
1492 3205 1657 3290 genitivus
1682 3203 1796 3285 popler
1821 3204 1992 3284 anserem

267 3317 399 3383 additus
421 3329 481 3397 est,
503 3320 551 3380 sic
572 3317 634 3396 IV,
647 3337 677 3397 a,
689 3320 739 3382 1⁰.
760 3318 886 3403 legitur
904 3337 987 3381 πθνε
1007 3316 1147 3400 uantur
1167 3316 1302 3406 αφερεμ
1325 3321 1436 3407 dautes
1457 3329 1491 3383 et
1502 3319 1565 3398 VI,
1578 3340 1608 3398 a,
1619 3323 1668 3388 48.
1689 3341 1772 3404 poue
1784 3321 1884 3403 poplo
1898 3323 1990 3405 nfero

268 3435 390 3514 demes,
421 3445 496 3519 post
517 3432 605 3518 quod
626 3434 728 3498 verbo
749 3436 842 3521 uFep
865 3431 1040 3520 ανξεριατθ
1060 3455 1137 3514 aee,
1158 3433 1340 3526 περναιαῳ,
1370 3457 1557 3526 πθστναιαφ
1577 3440 1635 3502 vel
1659 3439 1735 3520 onif
1753 3442 1894 3504 oseriuto
1921 3450 1987 3521 ειν,

267 3573 385 3618 auroro
406 3553 559 3634 sriptum,
587 3555 663 3633 pusi
683 3568 774 3615 ocrer
791 3550 927 3634 pikoner
949 3562 1010 3618 cet.
1032 3554 1174 3616 aliorum
1194 3555 1434 3617 sacrificiorum
1454 3553 1496 3618 ad
1515 3555 1632 3640 pomuli
1656 3559 1878 3642 expiationem
1898 3577 1989 3644 spec·

268 3673 411 3735 tantium
431 3671 567 3733 initium
587 3668 745 3736 indicant.
1263 3645 1265 3656 Ι

431 3788 462 3854 5.
506 3786 657 3868 Quatnor
679 3799 826 3852 extrema
846 3791 1011 3853 aacrificia
1031 3787 1074 3851 ad
1095 3790 1212 3874 populi
1241 3790 1463 3874 expiationem
1492 3776 1634 3855 maxime
1661 3802 1827 3878 spectaro,
1858 3802 1989 3879 praeter

266 3906 333 3969 alia
353 3906 444 3967 infra
464 3903 717 3970 demonstranda
737 3927 852 3991 preces
873 3906 1005 3987 docent,
1029 3927 1112 3991 quae
1133 3910 1169 3969 in
1190 3918 1283 3970 sexta
1303 3910 1506 3992 septimaque
1528 3909 1649 3972 tabulis
1663 3909 1705 3971 ad
1718 3911 1811 3973 'mala
1832 3918 1992 3975 averrun-

267 4021 371 4087 cauda
389 4024 492 4102 fiunt,
523 4035 621 4108 atque
643 4045 684 4086 ex
704 4025 755 4087 hia
776 4035 932 4107 quartum
951 4027 1006 4106 fit,
1027 4044 1111 4090 πανε
1130 4024 1246 4091 nauta
1268 4022 1369 4114 ατερα
1389 4047 1478 4116 pene
1499 4024 1561 4104 IV,
1573 4047 1604 4107 a,
1615 4031 1667 4093 4⁰.
1696 4030 1766 4091 siva
1784 4049 1867 4110 pone
1891 4030 1990 4113 popio

267 4142 404 4207 uodirau
424 4140 496 4223 fust
517 4140 596 4221 VII,
608 4163 638 4221 a,
650 4146 701 4208 46.
729 4143 761 4207 h.
786 4162 815 4205 e.
843 4140 972 4227 quondo
1001 4144 1125 4229 populo
1154 4142 1316 4208 indictum
1343 4145 1455 4206 inerit.
1499 4145 1563 4207 His
1590 4146 1679 4207 enim
1706 4145 1818 4209 verbis
1844 4168 1922 4210 cum
1952 4150 1991 4212 iis

269 4263 484 4345 comparatis,
514 4280 596 4344 quaa
617 4258 715 4322 modo
737 4259 889 4342 laudavi,
917 4282 985 4324 non
1004 4263 1113 4324 solum
1133 4283 1216 4327 nave
1237 4272 1271 4326 et
1290 4282 1372 4327 πανε
1392 4259 1525 4325 eaedem
1546 4265 1616 4325 sere
1638 4264 1905 4346 conjunctiones,
1935 4265 1993 4330 sed

268 4381 369 4442 etiam
388 4381 525 4460 πενπλυμ
546 4388 581 4442 et
600 4377 715 4443 nentia
736 4377 839 4441 iidem
860 4349 952 4442 cas'us
973 4378 1099 4442 locales¹
1116 4389 1348 4467 agnoscuntur.
1391 4380 1483 4442 Hinc
1497 4375 1598 4466 ατερα
1610 4399 1730 4444 nomen
1750 4384 1992 4448 substantivum

269 4516 336 4560 ease
356 4495 500 4576 videtur,
518 4495 740 4561 indictionem
761 4495 951 4585 designans,
974 4507 1008 4560 et
1030 4496 1306 4580 quemadmodum
1326 4496 1425 4589 ατερα
1443 4517 1506 4581 pro
1528 4500 1660 4563 uodirsu
1680 4503 1841 4585 scriptum
1862 4512 1922 4582 est,
1944 4504 1991 4565 sic

269 4609 400 4702 αφερυμ
419 4636 445 4677 a.
468 4614 560 4695 nfero
587 4636 650 4701 pro
679 4615 839 4696 auferom,
873 4613 979 4697 quod,
1012 4618 1091 4699 quIa
1118 4615 1288 4796 offerente
1313 4615 1450 4679 eandem
1480 4619 1552 4680 fera
1576 4619 1648 4680 nim
1673 4617 1825 4682 habuisse
1845 4619 1990 4696 videtur.

270 4750 368 4814 quam
386 4733 533 4813 piltuner,
555 4732 727 4819 lustrando
748 4730 944 4797 vertendum
964 4735 1089 4817 putavi.
1170 4736 1225 4796 iuc
1246 4711 1384 4815 Inferum
1404 4737 1519 4798 vinum
1538 4737 1673 4820 scripsit
1684 4735 1804 4800 Paulus
1824 4736 1989 4804 Diaconos
2067 4729 2070 4732 ¹

270 4867 332 4932 pro
353 4852 431 4914 vino
451 4850 571 4945 infen‘o
592 4854 629 4914 in
648 4849 776 4914 libandi
807 4851 953 4915 formula
980 4850 1069 4936 apud
1097 4850 1256 4918 Catonem
1282 4853 1320 4920 R.
1343 4853 1381 4917 R.
1403 4853 1562 4922 1³2134.
1605 4851 1758 4946 Jupiter!
1790 4869 1893 4924 macte
1916 4861 1989 4925 nino
