4244 5722
1031 591 1239 658 ..32-

267 768 349 831 ficnt
368 771 498 849 prout
519 781 545 823 s.
568 757 743 843 quando,
766 778 890 841 perca
911 777 1012 839 vero,
1033 760 1126 842 quasi
1145 758 1325 844 portica,
1347 759 1486 843 auguris
1507 758 1622 839 lituus,
1645 757 1780 837 dicitnr,
1802 759 2008 822 aramatia

269 886 412 966 denique
434 880 631 966 approbatio
652 900 677 941 s.
707 876 855 940 addictio
884 899 958 942 esse
976 876 1121 941 videtur.
1173 876 1341 939 Scribitur
1364 875 1497 958 quidem
1518 887 1552 939 et
1572 896 1736 959 peream
1757 876 1817 956 vl,
1840 897 1872 956 a,
1892 878 1945 945 5³.
1976 885 2011 939 et

270 1005 514 1070 arsmatiam
534 998 594 1072 vl,
616 1018 646 1078 a,
668 1002 709 1063 49
731 1019 792 1081 sq.;
814 995 872 1060 sed
893 998 1136 1059 ursmatiam
1157 997 1262 1059 solnm
1283 997 1319 1055 in
1339 998 1529 1059 accusativo
1551 1016 1628 1058 casu
1649 998 1796 1078 positum
1815 1003 1885 1074 est,
1905 1014 2011 1079 quum

270 1142 395 1208 perca
416 1142 441 1185 s.
469 1138 637 1203 peream
662 1137 725 1200 pro
747 1133 937 1197 percame
958 1117 994 1175 in
1016 1114 1160 1176 ablativo
1187 1133 1265 1176 casu
1292 1115 1337 1175 sit
1357 1114 1595 1197 accipiendum.
1642 1115 1865 1176 Arsmatia
1892 1123 2012 1177 utrum

270 1265 390 1310 nomen
413 1239 633 1322 compositum
654 1238 711 1307 sit,
733 1254 775 1294 an
796 1225 957 1321 ἆρμόδιόι
977 1255 1011 1296 τι
1031 1234 1211 1320 significet,
1245 1230 1394 1295 nondum
1415 1234 1497 1296 mihi
1527 1235 1649 1315 liquet:
1681 1232 1862 1297 videantur
1887 1242 2011 1306 tamen,

269 1383 352 1449 quae
373 1361 485 1444 paullo
508 1359 597 1419 infra
624 1355 808 1437 proferam.

434 1481 485 1544 34.
529 1475 569 1536 In
600 1474 713 1536 verbis
745 1472 827 1548 illis,
861 1490 944 1552 quae
965 1468 1029 1548 IV,
1050 1488 1080 1546 a,
1104 1471 1143 1534 13
1163 1490 1210 1551 sq.
1233 1468 1412 1556 leguntur,
1445 1468 1559 1532 eadem
1592 1469 1632 1531 de
1665 1470 1823 1550 auspiciis
1854 1468 2011 1531 breviter

270 1601 438 1687 praecipi,
461 1613 546 1678 qnae
566 1593 703 1654 uberius
725 1590 909 1672 perscripta
929 1597 1009 1651 sunt
1029 1590 1064 1648 in
1086 1594 1197 1650 sextae
1218 1587 1350 1649 tabulae
1371 1588 1481 1660 initio,
1507 1588 1603 1650 facile
1625 1588 1835 1673 agnoscitur3
1857 1585 1919 1649 sed
1941 1606 2012 1649 mc·

269 1718 434 1784 morabile
456 1721 524 1792 est,
557 1709 645 1794 quod
665 1709 726 1787 Vl,
747 1709 780 1785 b,
802 1710 833 1772 5.
858 1707 975 1768 mehe
1007 1713 1095 1768 tote
1117 1705 1334 1786 Ijoveine,
1356 1705 1417 1781 IV,
1440 1726 1470 1785 a,
1494 1708 1544 1770 1³.
1571 1725 1669 1791 τεφε
1690 1726 1766 1769 aare
1788 1705 1941 1783 IxaFwe,
1973 1712 2014 1767 nt

272 1840 334 1920 VI,
357 1839 389 1915 b,
414 1834 462 1899 18.
495 1833 581 1895 refe
613 1838 702 1890 tote
733 1825 919 1906 Ijovine,
942 1834 976 1886 et
997 1823 1058 1902 VI,
1081 1843 1111 1901 a,
1134 1826 1185 1888 51.
1219 1842 1311 1885 seso
1344 1832 1432 1886 tote
1464 1822 1634 1903 Ijovine
1666 1826 1830 1905 scriptum
1862 1824 2013 1912 legatur,

271 1959 365 2045 quasi
384 1951 586 2038 pronomina
606 1946 725 2024 mihi,
749 1943 848 2022 tibi,
871 1943 956 2005 sibi
976 1944 1066 2006 inter
1086 1962 1121 2005 se
1142 1949 1426 2024 permutarentur.
1481 1941 1565 2003 Sane
1587 1942 1631 2019 V,
1653 1942 1685 2015 b,
1706 1943 1757 2006 2⁴1.
1791 1958 1896 2025 rapa
1927 1940 2013 2003 tibi

270 2076 453 2163 significan
474 2078 508 2130 at
530 2085 629 2151 quum
652 2081 744 2125 seso
767 2082 842 2122 cum
863 2069 1003 2122 sesust
1023 2068 1057 2122 et
1078 2059 1350 2123 andersesust
1372 2060 1435 2135 (sic
1457 2062 1544 2121 enirn
1573 2079 1636 2142 pro
1657 2057 1934 2143 andersesuap
1955 2059 2011 2123 lc-

269 2192 416 2283 gendum
438 2186 500 2264 est)
522 2185 579 2260 VI,
602 2183 634 2261 b,
659 2183 679 2245 5
701 2189 735 2240 et
755 2181 785 2242 7.
808 2178 988 2239 cohaerere
1009 2174 1175 2254 videatur,
1198 2176 1314 2238 mehe
1335 2198 1465 2260 quoque
1486 2188 1521 2240 et
1542 2182 1624 2241 tcfe
1645 2180 1679 2239 in
1702 2174 1845 2240 laudatis
1867 2176 1936 2239 illis
1954 2178 2007 2239 lo-

269 2315 317 2376 cis
338 2308 442 2374 simili
465 2300 607 2387 quodam
628 2296 727 2359 modo
749 2294 1002 2377 interpretanda
1023 2304 1109 2359 sunt.
1150 2294 1312 2358 Quoniam
1334 2294 1613 2374 andersesust‚
1634 2298 1664 2357 si
1685 2317 1703 2360 e
1724 2296 1909 2359 verborum
1928 2314 2008 2358 con·

269 2438 365 2495 textu
385 2425 552 2502 conJicere
573 2419 670 2495 licet,
692 2415 998 2476 intercesserit
1020 2414 1205 2499 significat,
1227 2422 1365 2476 sesust
1387 2414 1471 2476 bene
1492 2416 1675 2477 cesserit
1695 2416 1767 2477 sive
1787 2432 2008 2477 successe-

269 2552 332 2612 rit
360 2540 522 2627 explicari
543 2544 667 2619 potest:
690 2531 778 2593 unde
800 2542 835 2592 et
855 2530 1055 2612 adjectivum
1077 2551 1239 2593 sarsum
1260 2531 1321 2609 VI,
1343 2531 1375 2610 b,
1396 2534 1416 2595 2
1439 2540 1473 2594 et
1492 2534 1536 2608 5..
1566 2533 1652 2614 quod
1673 2534 1797 2595 bonum
1818 2550 2011 2595 successum

269 2665 389 2728 habuit
409 2663 482 2722 sive
515 2656 615 2731 felix,
650 2659 683 2713 et
705 2650 902 2712 adverbium
924 2669 1015 2710 seso
1037 2649 1070 2712 h.
1090 2668 1118 2711 e.
1141 2650 1228 2711 bono
1251 2669 1326 2711 cum
1347 2669 1500 2712 successu
1529 2674 1554 2716 s.
1577 2651 1737 2724 feliciter,
1770 2649 1910 2715 deduco.
1960 2647 2012 2711 Ut

270 2793 381 2847 autem
402 2776 514 2840 mehe
536 2783 571 2835 et
592 2774 678 2833 tefe
701 2767 816 2832 eodem
838 2766 936 2830 modo
959 2769 1183 2848 interpreter,
1210 2788 1315 2850 neque
1338 2767 1480 2843 Graeca,
1515 2789 1621 2851 neque
1642 2770 1764 2831 Latina
1785 2769 1899 2857 lingua
1920 2765 2011 2829 mihi

269 2896 410 2974 sufficit,
443 2895 511 2957 nisi
532 2891 642 2952 mehe
674 2905 737 2970 pro
760 2888 895 2969 antiqno
917 2905 1035 2947 mane
1072 2889 1095 2947 i.
1118 2905 1146 2950 e.
1171 2885 1271 2963 bene,
1308 2885 1586 2965 undemelius,
1609 2896 1642 2949 et
1664 2891 1748 2949 tese
1770 2905 1832 2969 pro
1853 2894 2011 2969 topper

267 3024 292 3090 i.
316 3041 344 3084 e.
369 3008 527 3093 εὐτυχέως
550 3008 675 3070 dictum
696 3008 791 3069 velis.
835 3005 939 3076 Sane,
961 3005 1056 3066 Festo
1077 3014 1181 3083 teste,
1213 3022 1369 3065 manum
1390 3006 1518 3088 antiqui
1539 3006 1689 3067 bonum
1711 3003 1883 3082 dicebant,
1916 3001 2011 3066 unde

269 3149 335 3201 tarn
357 3134 498 3197 Manes
521 3138 555 3191 et
575 3126 787 3199 immanis,
819 3143 915 3204 quam
937 3141 1050 3183 mane
1081 3121 1112 3184 h.
1137 3141 1165 3183 e.
1187 3122 1274 3184 bona
1296 3142 1372 3204 pars
1394 3121 1480 3201 diei,
1515 3132 1548 3184 et
1573 3134 1767 3187 maturus
1790 3123 2010 3187 derivantur:

270 3277 308 3319 ac
329 3254 442 3316 nescio
464 3270 505 3310 an
528 3244 730 3308 arsmatia
751 3240 954 3301 Umbrorum
983 3260 1023 3300 er
1052 3239 1167 3302 eodem
1196 3243 1286 3302 fonte
1309 3239 1459 3304 derivari
1480 3244 1595 3323 possit.
1648 3243 1741 3304 Inter
1773 3261 1811 3304 ea
1831 3240 2010 3319 vocabula,

270 3393 352 3459 quae
374 3367 453 3454 quid
473 3365 680 3451 significent,
704 3361 836 3420 nonnisi
859 3378 876 3418 o
896 3359 1077 3420 verborum
1099 3367 1255 3421 contextu
1276 3360 1399 3440 conjici
1420 3360 1513 3435 licet,
1543 3360 1604 3421 illa
1624 3369 1702 3422 sunt
1722 3361 1896 3423 intellectu
1918 3357 2010 3421 diffi-

270 3493 408 3557 cillima‚
431 3504 512 3568 quae
534 3503 600 3543 uno
623 3488 752 3541 tantum
773 3479 922 3538 alterove
945 3478 1018 3539 loco
1040 3477 1209 3561 leguntur.
1252 3477 1300 3537 Ex
1322 3496 1361 3538 eo
1383 3497 1507 3564 genere
1529 3488 1607 3540 sunt
1626 3479 1731 3541 verba
1752 3480 1785 3543 F
1787 3475 1911 3543 εσκλιι
1930 3478 2011 3542 Fe-

269 3632 315 3674 re
337 3608 398 3684 lV,
420 3626 450 3682 a,
471 3605 511 3666 29
535 3609 567 3663 et
587 3600 652 3675 37,
683 3616 825 3680 quorum
859 3593 944 3655 illud
966 3591 1098 3677 quidem
1119 3603 1259 3677 propter
1280 3599 1433 3679 apposita
1454 3595 1618 3676 adjectiva
1639 3596 1741 3684 ατριι,
1773 3595 1886 3682 alma,
1919 3614 2008 3679 quae

269 3738 380 3790 atrum
402 3722 553 3785 albumve
576 3715 722 3779 colorem
745 3713 936 3799 designant,
964 3713 1182 3776 vasculum
1203 3712 1352 3776 indicare
1374 3714 1528 3788 videtur3
1559 3713 1615 3777 sed
1637 3715 1701 3776 boc
1723 3714 1804 3798 quid
1825 3713 2010 3801 significat,

268 3849 435 3909 incertum
456 3845 615 3908 maneret,
636 3836 701 3895 nisi
724 3831 842 3909 VlLfl,
864 3831 902 3892 21
913 3839 946 3891 ct
960 3833 1010 3895 34.
1034 3840 1067 3892 et
1089 3839 1164 3892 atra
1185 3840 1219 3893 et
1241 3833 1313 3894 alba
1335 3834 1479 3912 vascula,
1502 3853 1562 3895 ceu
1583 3834 1692 3895 lances
1714 3843 1858 3912 saturae,
1880 3833 2009 3916 plena

268 3967 490 4034 vocarentur,
525 3956 581 4017 eui
602 3950 805 4033 adjectivum
827 3953 842 4009 f
849 3957 965 4011 ertus
990 3947 1174 4030 respondet.
1228 3949 1279 4013 De
1301 3951 1401 4013 litora
1423 3973 1439 4012 r
1460 3953 1582 4013 omissa
1603 3960 1637 4013 et
1658 3950 1699 4014 de
1720 3972 1739 4014 v
1761 3960 1795 4014 et
1815 3950 1948 4031 finter
1971 3969 2009 4014 ua

268 4078 465 4167 permutatis
488 4074 585 4155 plura
605 4077 673 4152 jam
695 4069 844 4150 exempla
866 4066 1029 4146 vidimus,
1061 4075 1100 4129 ut
1120 4069 1229 4150 ipsum
1251 4066 1440 4151 qusqlra
1462 4069 1505 4148 V,
1528 4089 1558 4147 a,
1579 4070 1631 4134 39.
1655 4071 1677 4129 i.
1697 4090 1726 4135 e.
1749 4070 2007 4146 confercito,

268 4221 330 4285 pro
353 4218 416 4280 quo
438 4194 482 4271 V,
505 4212 534 4269 a,
556 4193 606 4254 40.
630 4189 806 4250 neFetro
828 4189 990 4268 scriptum
1011 4195 1072 4248 est.
1117 4185 1301 4251 Quodnisi
1323 4186 1580 4264 concederetur,
1610 4187 1779 4269 Ferepro
1801 4188 2006 4271 imperativo
2064 4250 2072 4261 ,

269 4319 415 4383 vehito
437 4306 664 4393 accipiendum
688 4309 792 4366 soret:
820 4305 963 4391 legimus
993 4307 1081 4365 enim
1102 4303 1305 4383 V11,a‚42.
1334 4308 1476 4367 siclam
1501 4308 1697 4368 arsveitu
1724 4326 1787 4389 pro
1823 4306 2006 4390 phialam

268 4435 467 4500 arvehito
490 4452 514 4493 s.
535 4435 685 4512 pateram
707 4424 884 4507 porrigito.

432 4554 483 4616 35.
529 4543 595 4608 Sed
616 4542 656 4605 de
678 4561 760 4606 voce
783 4542 901 4618 ficta,
925 4539 1078 4622 quaeVI,
1097 4542 1288 4612 a,46.inter
1309 4538 1446 4602 tesedi
1468 4551 1502 4604 et
1522 4543 1733 4623 arsveitn‚
1757 4543 1879 4624 quibu·
1898 4541 2007 4605 verba

268 4670 409 4751 τενξιτιμ
430 4666 571 4750 αρΓειτιι
592 4661 654 4739 IV,
677 4682 707 4739 a,
730 4662 759 4724 6.
782 4657 1002 4740 respondent,
1036 4660 1164 4720 inserta
1184 4667 1250 4731 est,
1272 4679 1359 4721 nunc
1382 4659 1479 4741 plura
1500 4660 1582 4721 mihi
1611 4658 1750 4723 dicenda
1774 4668 1864 4722 sunt.
1905 4657 2006 4720 Illam

269 4809 385 4854 vocem
407 4797 496 4851 sexta
517 4783 721 4866 septimaque
743 4778 874 4841 tabulae
897 4779 995 4838 toties
1017 4776 1186 4855 exhibent,
1208 4778 1477 4860 quotiescumque
1498 4779 1534 4838 in
1555 4787 1672 4860 quarta
1693 4774 1937 4867 apsnepodl'eg
1956 4777 2006 4841 le-

268 4911 381 4995 gitur,
402 4906 436 4970 h.
460 4923 488 4968 a.
511 4904 546 4963 in
567 4902 633 4964 fine
655 4899 801 4980 cujusvis
822 4896 994 4959 sacrificii:
1015 4896 1119 4960 verba
1139 4916 1221 4959 vero
1243 4894 1307 4960 hoc
1327 4894 1427 4960 modo
1447 4897 1640 4960 variantur:
