4244 5722
944 583 1150 687 ’.26-

106 833 112 845 ,
182 753 272 814 inter
291 747 432 830 Εεστιζα
453 758 486 811 et
507 767 609 836 peasa
626 746 828 827 adjectivum
856 744 952 832 ετρε
983 747 1141 810 omissum
1173 758 1234 827 est,
1266 751 1330 810 etsi
1360 748 1423 828 IV,
1444 750 1477 828 b,
1495 752 1546 815 29.
1579 746 1745 831 Εεστιζαμ
1776 750 1920 837 apere

182 889 286 954 peasa
306 871 467 952 scriptum
489 867 639 954 legimus.
677 863 889 953 Τεστρθκιι
912 865 973 945 IV,
986 867 1019 945 b,
1030 870 1082 933 30.
1106 877 1140 930 et
1160 864 1369 955 νερτρεκε
1390 868 1451 948 IV,
1464 870 1497 946 b,
1509 872 1560 934 33.
1584 878 1624 930 ut
1645 865 1921 931 dextrorsum

183 998 217 1051 et
236 990 528 1049 sinistrorsum
542 985 605 1046 sibi
617 989 751 1071 opponi,
764 987 863 1048 facile
873 995 1120 1073 agnosceretur,
1130 989 1262 1049 etiamsi
1272 998 1348 1072 post
1358 990 1460 1051 verba
1473 990 1636 1071 capirse
1656 1007 1780 1071 perso
1804 997 1922 1051 osatu

183 1105 244 1183 VI,
263 1124 294 1182 a,
315 1106 366 1168 24.
389 1124 455 1166 non
476 1105 663 1191 legeretur:
698 1125 783 1167 eam
810 1107 917 1166 mani
946 1115 1095 1167 nertru
1121 1108 1258 1168 teuitu
1289 1106 1322 1166 h.
1346 1126 1375 1168 e.
1399 1127 1471 1168 eam
1500 1127 1600 1167 manu
1630 1108 1764 1168 sinistra
1795 1103 1935 1170 teneto(

184 1221 394 1284 Vocabulum
422 1221 524 1312 περι
551 1222 613 1302 Ν,
632 1224 664 1300 b,
683 1227 736 1289 30.
760 1233 794 1284 et
813 1227 864 1290 33.
888 1245 908 1285 a
927 1224 1040 1287 verbis
1060 1222 1183 1313 καπιρε
1204 1223 1317 1313 nabau
1340 1245 1437 1311 patre
1460 1222 1699 1312 sejungendum
1730 1243 1812 1303 esse,
1844 1223 1920 1288 iude

182 1341 397 1429 intelligitur,
419 1340 508 1424 quod
529 1342 591 1420 VI,
604 1362 634 1421 a,
645 1347 696 1408 24.
721 1343 787 1404 alia
808 1339 968 1425 quaedam
989 1346 1112 1406 inserta
1133 1352 1220 1421 sunt,
1242 1354 1341 1425 atque
1363 1347 1464 1406 etiam
1486 1344 1653 1422 V1,a‚37.
1678 1346 1790 1426 persi
1812 1345 1921 1422 fetu,

183 1471 330 1523 suront
356 1464 520 1545 capirse
547 1481 670 1545 perso
710 1471 830 1524 osatu
858 1463 993 1548 legitur.
1047 1461 1113 1525 Sed
1142 1461 1222 1546 quid
1249 1465 1321 1525 istis
1350 1465 1463 1526 verbis
1488 1466 1711 1551 significetur,
1742 1472 1924 1547 propterea

183 1577 276 1641 dictu
297 1589 347 1641 est
367 1577 519 1656 difficile,
547 1577 636 1663 qnod
656 1579 750 1641 nulla
769 1579 873 1642 verba
894 1591 963 1642 tam
984 1579 1133 1644 diversos
1153 1583 1356 1668 significatus
1377 1581 1510 1661 habent,
1540 1602 1639 1664 quam
1660 1599 1744 1664 quae
1770 1601 1792 1643 a
1811 1581 1924 1644 literis

181 1717 274 1781 pers
295 1700 470 1782 incipiunt.

349 1819 400 1883 25.
445 1816 562 1878 Persi
583 1815 767 1879 ablativum
788 1834 857 1878 esse
880 1818 1023 1881 nominis
1044 1835 1151 1901 pers,
1181 1815 1270 1897 quod
1290 1837 1473 1904 purgamen
1494 1819 1674 1904 significat,
1704 1827 1744 1879 ut
1764 1817 1923 1901 capiree

90 2008 95 2017 .
184 1935 328 1995 nominis
358 1937 517 2019 capirs,
550 1934 583 1994 h.
608 1956 636 1996 e.
662 1937 751 2019 capis
773 1939 844 1998 sive
874 1935 1013 2021 capedo,
1046 1933 1200 2018 equidem
1227 1935 1339 1997 nullus
1361 1933 1496 2013 dubito,
1530 1938 1591 1997 etsi
1612 1955 1713 2018 supra
1734 1936 1801 2013 jam
1825 1953 1921 2018 per-

184 2052 317 2130 sae(a)
348 2056 417 2115 fetu
446 2074 509 2138 pro
537 2056 652 2137 persi
681 2057 768 2115 fetu
794 2057 955 2137 scriptum
982 2053 1136 2116 vidimus
1181 2051 1247 2115 Sed
1273 2049 1387 2140 περιιμ
1408 2073 1506 2138 qesta
1536 2052 1672 2114 eandem
1692 2055 1765 2115 vim
1786 2051 1917 2130 habere,

184 2175 380 2255 praesertim
401 2194 504 2254 quum
525 2172 586 2250 VI,
599 2192 628 2250 a,
641 2175 682 2236 24
701 2172 785 2237 etas
806 2174 896 2233 inter
917 2175 1032 2254 persi
1055 2183 1088 2233 et
1109 2191 1232 2255 perso
1254 2173 1324 2232 sive
1345 2191 1531 2255 persome
1552 2172 1755 2234 vocabulum
1776 2189 1922 2255 peson-

184 2287 258 2350 dro
279 2293 349 2351 sive
371 2288 625 2373 persondru,
655 2288 717 2367 VI,
729 2310 759 2367 a,
770 2291 822 2367 35,
853 2308 918 2370 quo
939 2292 1174 2376 purgatorium
1195 2287 1331 2372 aliquod
1352 2311 1484 2352 sacrum
1511 2290 1678 2376 designari
1698 2288 1847 2367 uidetur,
1871 2290 1922 2349 in-

183 2418 308 2470 sertum
330 2411 384 2485 sit,
407 2411 575 2469 affirmare
598 2426 663 2468 non
685 2410 799 2468 ausim.
834 2407 1062 2469 Precationem
1077 2411 1186 2491 potius
1208 2411 1279 2471 sive
1300 2408 1565 2472 benedictionem
1578 2406 1731 2490 equidem
1753 2407 1922 2494 intelligo,

183 2544 250 2586 non
271 2526 380 2587 solum
405 2536 595 2609 propterea,
629 2523 719 2606 quod
740 2534 858 2587 osatu
880 2525 963 2586 mihi
984 2547 1047 2609 pro
1069 2538 1188 2589 orato
1211 2525 1338 2589 dictum
1360 2548 1429 2589 esse
1451 2527 1596 2604 videtur,
1618 2525 1676 2589 sed
1698 2529 1810 2604 etiam,
1833 2521 1924 2608 quod

183 2642 247 2720 Vl,
259 2663 290 2721 a,
301 2646 341 2708 39
352 2665 398 2727 sq.
423 2654 497 2727 post
517 2662 711 2727 persome
733 2639 883 2704 additum
903 2653 968 2705 est:
991 2664 1056 2728 pue
1078 2646 1281 2729 pe(r)snis
1304 2647 1430 2722 ius(t)
1452 2646 1484 2705 h.
1499 2666 1526 2708 e.
1549 2646 1607 2706 ubi
1629 2653 1784 2729 precatus
1803 2644 1919 2705 tueris.

185 2761 463 2824 Persondrum
485 2763 532 2823 ibi
555 2759 677 2846 duplex
699 2771 758 2837 est,
781 2763 943 2823 sorsale
965 2771 999 2823 et
1019 2765 1194 2825 stellare
1216 2766 1286 2825 sive
1308 2763 1637 2851 otoqltsFaQt),
1667 2773 1707 2826 ut
1733 2762 1819 2824 mihi
1845 2762 1921 2843 qni·

186 2877 260 2940 dem
282 2880 344 2959 IV,
357 2881 389 2959 b,
402 2885 441 2946 31
454 2903 499 2963 sq.
524 2899 585 2964 pro
609 2877 807 2965 σταφλτιιιΡ
830 2878 1007 2967 legendum
1037 2901 1105 2942 esse
1133 2881 1276 2944 videtur.
1321 2882 1360 2944 Si
1390 2881 1668 2966 persondrum
1699 2881 1923 2945 stabulare

185 3001 255 3059 sive
277 3000 584 3060 stabulativum
613 2997 654 3058 ad
675 2996 817 3081 pecudes
839 2995 1027 3085 purgandas
1048 3001 1195 3083 respicit,
1225 3002 1389 3062 sorsale
1415 3004 1486 3064 sive
1514 3003 1674 3063 sociale
1697 2999 1739 3062 ad
1759 3000 1921 3062 familiam

185 3119 255 3178 sive
276 3120 383 3179 socios
406 3138 546 3202 operum
567 3116 780 3178 referendum
802 3127 861 3196 est,
885 3116 925 3177 dc
947 3118 1066 3199 quibus
1087 3119 1248 3180 Horatius
1271 3120 1373 3203 Epist
1398 3119 1442 3199 ΙΙ,
1463 3124 1492 3198 l,
1512 3124 1572 3186 139
1588 3141 1656 3202 sqq.
1681 3119 1763 3182 haec
1784 3120 1919 3180 cecinit:

433 3236 610 3323 Agricolae
631 3237 746 3318 prisci,
768 3238 871 3296 fortes
894 3255 1062 3319 parvoque
1082 3237 1183 3312 beati,

438 3353 582 3415 Condita
603 3364 678 3437 post
699 3355 875 3431 frumenta,
898 3354 1044 3417 levantes
1066 3365 1214 3439 tempore
1236 3358 1319 3417 festo

436 3469 564 3555 Corpus
586 3482 619 3533 et
640 3473 748 3555 ipsum
770 3473 928 3550 animum,
951 3492 1007 3556 spe
1028 3474 1103 3534 finis
1125 3473 1208 3535 dura
1230 3477 1402 3553 ferentem,

434 3588 519 3652 Cum
540 3593 662 3652 sociis
684 3610 869 3674 operum,
892 3593 1004 3674 pueris
1026 3601 1060 3654 et
1080 3594 1219 3679 conjuge
1241 3592 1316 3672 fida,

435 3708 609 3770 Tellurem
630 3729 745 3792 porco,
767 3708 941 3773 Silvanum
963 3710 1048 3772 lacte
1069 3712 1204 3794 piabant
1225 3721 1286 3773 cet.

186 3825 372 3889 Sorsalis
395 3837 428 3889 et
455 3827 650 3889 stellaris
672 3826 798 3889 dicitur
820 3830 920 3888 etiam
941 3828 1003 3907 VI,
1026 3850 1055 3906 a,
1078 3832 1119 3896 38
1141 3851 1187 3911 sq.
1211 3831 1385 3891 vestisia
1407 3829 1485 3890 lue.
1509 3830 1663 3906 victima,
1698 3848 1783 3909 quae
1814 3825 1924 3906 vta,

186 3949 237 4013 24.
261 3967 337 4008 cum
365 3946 573 4030 pesondro
603 3966 767 4008 sorsum
797 3948 1021 4034 conjungitur.
1068 3948 1164 4029 Quod
1185 3967 1268 4009 vero
1298 3947 1410 4009 verbis
1437 3968 1534 4028 εσμικ
1560 3943 1728 4026 Εεστιζαμ
1750 3945 1921 4025 Iv,b‚29.

187 4066 289 4127 verba
310 4075 435 4127 eront
454 4066 638 4126 vestisia
658 4065 921 4148 subscripserim,
943 4085 1040 4127 nemo
1062 4066 1251 4144 mirabitur,
1279 4069 1337 4146 qui
1358 4067 1558 4143 meminerit,
1587 4085 1640 4127 me
1661 4084 1764 4150 supra
1784 4062 1814 4147 ᾗ.
1835 4069 1865 4131 4.
1891 4072 1925 4126 et

187 4204 305 4263 εσμικ
327 4194 360 4245 et
382 4195 503 4246 eront
525 4187 613 4245 inter
635 4181 793 4246 adverbia
806 4184 860 4246 vel
882 4187 1134 4263 conjunctiones
1156 4186 1360 4267 copulativae
1373 4186 1586 4263 recensuisse,
1609 4186 1698 4246 inter
1720 4201 1801 4266 quas
1820 4182 1924 4245 etiam

187 4321 263 4364 evea
285 4301 346 4378 IV,
358 4303 391 4379 b,
403 4305 454 4367 31.
481 4300 691 4363 referendum
714 4312 773 4379 est,
796 4324 898 4383 quum
921 4314 954 4365 et
974 4323 1036 4387 pro
1058 4323 1154 4383 εσμικ
1177 4303 1238 4381 IV,
1250 4304 1283 4380 b,
1297 4306 1348 4368 32.
1368 4312 1401 4364 et
1421 4322 1483 4386 pro
1505 4323 1580 4366 avan
1601 4302 1662 4382 IV,
1675 4303 1772 4382 1),34.
1785 4302 1923 4363 inserta

188 4420 300 4481 tabula
321 4419 383 4498 Vl,
396 4440 425 4501 a,
437 4422 488 4486 38.
514 4440 631 4482 enom
653 4423 815 4503 seriptum
837 4424 889 4483 sit
917 4419 1040 4482 Eodem
1061 4425 1207 4506 pertinet
1228 4423 1313 4483 isec
1334 4421 1396 4499 VI,
1409 4424 1515 4499 aas,
1538 4419 1579 4483 de
1600 4442 1664 4504 qua
1686 4420 1924 4501 conjunctione

189 4546 297 4598 tamen
318 4538 383 4599 alia
405 4537 565 4621 quaedam
586 4538 670 4598 mihi
692 4536 855 4599 monenda
875 4549 960 4601 sunt.

353 4660 402 4722 26.
448 4657 538 4719 lssc
570 4677 666 4718 erus
698 4653 791 4718 ditu
820 4674 884 4716 non
916 4676 1052 4741 prorsus
1084 4656 1172 4720 idem
1204 4658 1408 4742 exprimere,
1438 4653 1527 4737 quod
1560 4676 1623 4719 απι
1654 4651 1731 4742 abab
1760 4651 1922 4742 περτιιες

191 4774 251 4851 IV,
273 4776 305 4854 b,
328 4778 393 4854 31,
426 4795 466 4836 ex
497 4796 536 4839 eo
568 4777 634 4856 jam
668 4776 892 4861 cognoscitur,
920 4774 1008 4857 quod
1039 4773 1136 4840 ditu
1167 4778 1383 4860 imperativus
1415 4782 1475 4852 est,
1505 4773 1705 4863 πιιρτιιιις
1737 4792 1823 4837 vero
1845 4771 1921 4836 sub·

190 4894 356 4970 junctivus
378 4916 452 4957 cum
473 4898 719 4979 praepositione
739 4891 811 4982 trogi
833 4897 1045 4978 compositus,
1067 4915 1207 4979 proquo
1221 4894 1390 4973 1V‚b,3t.
1413 4891 1590 4980 andrenes
1610 4912 1743 4976 quoque
1756 4894 1922 4979 seriptum
