4244 5722
967 602 1175 673 -21-

196 771 362 844 moniti,
402 779 441 835 ut
461 788 563 854 snpra
594 779 719 835 cante
737 789 814 858 pro
845 771 1015 849 canite,
1046 772 1192 854 positura
1211 772 1378 838 mistinm
1420 771 1625 861 Agnoscimr
1645 777 1757 836 sutem
1777 764 1935 830 horridus

197 891 253 955 ille
274 906 450 963 numerus,
471 888 560 956 Hor.
581 888 686 972 Epist.
707 887 751 970 11,
773 892 804 970 l,
827 888 888 955 lb'l
907 906 977 972 sq„
1000 889 1075 954 coll
1096 888 1193 956 Serv.
1213 888 1257 954 ad
1277 891 1377 981 Virg.
1400 889 1444 957 G.
1467 891 1512 973 11,
1532 892 1596 960 385
1616 911 1685 975 ες..
1720 889 1779 972 qui
1800 889 1836 949 in
1858 882 1936 946 rudi
1984 899 1986 907 ⁴

194 1009 397 1092 antiquitate
417 1025 486 1071 non
506 1007 615 1073 solum
633 1007 761 1090 ubique
781 1015 849 1070 tam
869 1005 1022 1089 dactylos
1047 1027 1149 1088 qnam
1166 1008 1333 1094 spondeos
1353 1008 1572 1091 admittebat,
1607 1007 1666 1073 sed
1687 1009 1784 1071 brevi
1804 1022 1935 1087 qnoque

193 1126 324 1208 syllaba
354 1134 496 1210 propter
521 1132 677 1188 accentus
706 1125 812 1190 ictum
833 1143 896 1208 pro
918 1125 1017 1212 longa
1036 1125 1214 1207 utebatur,
1244 1129 1333 1193 sicut
1352 1129 1389 1190 in
1408 1128 1566 1192 versibus
1587 1128 1627 1190 fit
1647 1127 1867 1200 nostratium,
1900 1124 1935 1182 in

194 1245 315 1327 quibus
336 1262 497 1309 sonorum
517 1249 697 1307 concentus
722 1261 883 1309 numeros
909 1243 1084 1309 absolvere
1115 1246 1210 1308 solet.
1252 1245 1304 1309 De
1331 1244 1481 1327 spondeo
1514 1245 1670 1330 quidem,
1702 1246 1758 1329 qni
1789 1245 1826 1322 in
1854 1242 1934 1304 Um·

193 1360 290 1426 brico
321 1379 475 1426 sermone
505 1380 547 1425 eo
584 1363 795 1444 frequentior
823 1370 914 1441 erat,
960 1381 1026 1445 quo
1065 1364 1197 1444 saepius
1226 1365 1330 1428 verba
1359 1365 1396 1426 in
1429 1365 1545 1452 longas
1583 1363 1728 1446 syllabas
1760 1359 1933 1424 contrahe-

193 1479 337 1558 bantur,
358 1478 536 1558 Diomedes
558 1499 591 1563 p.
614 1478 761 1560 473..οὰ
784 1478 917 1544 Pntscb.
940 1481 992 1543 sic
1011 1482 1165 1564 scripsit:
1190 1482 1352 1548 »Numam
1373 1482 1579 1567 Pompilium
1599 1481 1777 1546 divinitate
1799 1476 1933 1562 praedi-

193 1607 265 1662 tum
285 1597 373 1661 hunc
393 1597 511 1682 pedem
532 1597 750 1662 Pontificium
770 1597 953 1680 appellasse
974 1609 1178 1679 memorant,
1201 1620 1277 1664 cum
1299 1599 1420 1666 Salios.
1427 1600 1597 1681 juniores,
1627 1603 1740 1682 aequis
1761 1597 1932 1686 gressibus

192 1716 402 1793 circulantes,
423 1715 598 1781 induceret
617 1714 764 1800 spondeo
784 1716 872 1779 melo
894 1717 1022 1798 patrios
1044 1718 1178 1800 placare
1190 1696 1376 1823 Indigetes«
1390 1752 1432 1767 ·-
1445 1727 1503 1784 »ut
1523 1716 1628 1802 (qnod
1648 1716 1772 1780 ibidem
1793 1712 1931 1801 legitur)

193 1831 321 1898 duabus
340 1835 448 1920 longis
468 1833 622 1899 melodiis
644 1837 743 1916 quasi
762 1831 950 1917 duplicibus
971 1844 1006 1897 et
1021 1836 1161 1921 jugibus
1183 1834 1280 1902 setti-
1292 1854 1458 1919 prospera
1473 1835 1625 1900 Deorum
1645 1837 1801 1899 voluntas
1821 1835 1932 1895 firma-

193 1959 318 2015 retur«
360 1951 471 2017 Quum
492 1961 605 2017 autam
623 1950 713 2036 apud
736 1951 903 2016 Romanos
934 1954 1047 2015 omnia
1077 1956 1150 2016 fere
1180 1955 1334 2019 versibus
1355 1953 1526 2018 Saturniis
1556 1960 1859 2037 componerentur,
1891 1947 1931 2011 de

192 2069 313 2151 quibus
321 2069 458 2145 Ennius,
478 2071 666 2137 hexametri
684 2069 803 2134 Latini
822 2077 958 2142 auctor,
977 2071 1028 2133 sic
1049 2072 1174 2134 cecinit
1193 2072 1230 2134 in
1250 2072 1452 2137 Annalibus:
1476 2070 1668 2155 »Scripsere
1689 2072 1750 2135 alii
1771 2089 1842 2132 rem

530 2186 728 2266 »Versibus,
748 2205 832 2268 qnos
854 2186 936 2248 olim
955 2186 1061 2250 Fauni
1080 2197 1240 2269 vatesque
1260 2190 1436 2268 canebant,

523 2302 649 2369 »Quom
669 2322 776 2388 neque
796 2301 975 2366 Musarum
995 2304 1149 2387 scopulos
1167 2305 1343 2388 qumquam
1361 2315 1548 2389 superarat,

457 2464 460 2468 -
523 2419 615 2486 »Nec
634 2418 717 2486 dicti
736 2418 905 2486 studiosus
926 2431 1040 2485 crass«
1065 2425 1106 2484 cf.
1129 2420 1232 2487 Varr.
1253 2424 1294 2487 L.
1316 2422 1358 2488 L.
1381 2422 1458 2504 v11,
1481 2424 1509 2507 ξ.
1530 2424 1581 2491 db

192 2557 254 2601 cur
275 2556 342 2603 non
363 2539 401 2599 in
419 2537 572 2626 {gavinis
594 2557 724 2621 qunque
744 2538 869 2602 tabulis
889 2554 1105 2624 agnoscamus
1127 2536 1278 2602 eosdem!

356 2653 407 2720 18.
451 2654 580 2719 Revera
602 2663 714 2719 seruc
734 2654 869 2719 tabulae
894 2655 1031 2718 initium
1059 2673 1135 2718 sum
1155 2663 1308 2720 extrema
1329 2661 1491 2742 septimae
1512 2660 1645 2723 tabulae
1667 2662 1787 2748 pagina
1808 2657 1851 2720 ad
1870 2656 1928 2719 Sa·

190 2772 345 2832 turnium
364 2774 687 2836 numerumrsterri
707 2779 836 2854 potest,
858 2769 939 2835 dum
959 2771 1058 2837 modo
1078 2775 1346 2849 miserimus,
1380 2778 1546 2841 vocalium
1567 2779 1721 2844 elisiones
1752 2775 1928 2860 prohiberi

189 2905 287 2969 saepe
307 2887 500 2972 supplendis
520 2889 652 2970 literis,
686 2909 766 2974 quas
786 2892 951 2954 mrmonis
971 2910 1051 2954 usus
1073 2893 1197 2974 puscit,
1228 2894 1378 2959 vocalem
1399 2895 1413 2960 ι’
1439 2915 1459 2959 e
1479 2899 1650 2962 conuario
1673 2907 1749 2961 ante
1771 2897 1849 2959 alias
1871 2912 1927 2955 vo-

194 3006 279 3069 cales
300 3006 394 3072 velnt
414 3016 652 3072 consonantem
672 3009 890 3094 pronuntiari
909 3009 1028 3073 solere.

741 3125 792 3188 En
812 3126 992 3189 initium
1012 3136 1153 3191 sextae
1174 3130 1360 3196 tabulae!

601 3246 681 3308 lists
698 3242 908 3328 pareclo(me)
929 3245 1020 3308 aveis
1040 3247 1205 3309 ase'riater
1225 3253 1338 3329 enetn,

600 3361 712 3440 Parii,
731 3379 886 3438 curasse,
907 3359 1046 3437 dareva3
1070 3365 1181 3444 peiqu,
1204 3365 1310 3446 paics,
1331 3370 1470 3431 merstu.

601 3479 682 3542 Poei
703 3477 844 3566 inglaff)
864 3480 1011 3544 aseridto
1033 3489 1121 3558 cest,
1144 3482 1201 3544 eso
1223 3491 1358 3546 tremnu
1378 3487 1472 3550 serae

599 3593 861 3674 Arsftrmrem)
883 3598 1019 3662 ehveltn
1039 3597 1220 3681 stiplo(me)
1242 3604 1396 3680 aseriar'a,

548 3716 581 3782 5.
603 3715 703 3778 Parii
723 3713 862 3794 dersva,
883 3716 1028 3779 curndco
1049 3714 1187 3796 dareve,
1207 3719 1303 3801 peico
1324 3721 1463 3801 mereto,

600 3827 700 3897 Pelea
720 3841 861 3905 marsia,
880 3832 1047 3912 mc'rstall)
1068 3835 1221 3913 rlvveiff),
1243 3835 1409 3916 merstem
1429 3840 1580 3927 anglais).

602 3950 710 4031 Esons
731 3953 894 4030 arlertur,
911 3952 975 4016 eso
992 3952 1172 4034 anstiplatu
1193 3955 1227 4015 el
1245 3955 1368 4035 aserio,

600 4069 701 4132 Parra
721 4068 859 4148 dersva,
881 4070 1026 4132 curutco
1047 4068 1185 4148 deosve,
1199 4074 1301 4156 paics
1321 4078 1461 4154 me'rsto,

598 4180 699 4249 Potes
718 4196 861 4267 mersta,
880 4185 1046 4265 merstem
1066 4187 1173 4266 lvcis,
1193 4194 1336 4254 merstaf
1352 4192 1472 4279 ingles.

528 4302 577 4368 1⁰.
597 4301 706 4368 Esdua
725 4305 823 4371 mehe
842 4304 963 4386 tote(m
981 4297 1202 4388 'lloseinelm
1223 4310 1325 4373 mmai

600 4419 749 4487 Stahmei
769 4421 961 4488 stabmeitei'
981 4425 1083 4502 cersi,
1105 4426 1190 4508 pirsi
1210 4430 1330 4506 sesust,
1443 4482 1446 4487 .

599 4539 660 4603 Poi
680 4539 822 4630 duplam
841 4539 988 4607 witto
1009 4550 1076 4620 est,
1098 4543 1173 4608 erse
1194 4548 1273 4630 neip
1293 4547 1446 4633 mugitu,

599 4654 676 4740 Nep
696 4658 787 4725 lmir
807 4657 1013 4740 andersistu,
1033 4661 1134 4725 uersa
1154 4672 1326 4742 courtnst,
1349 4667 1442 4747 pdrsi

599 4773 748 4864 Argita)
767 4777 938 4842 assenaco
957 4781 1037 4842 inst.
1082 4777 1148 4846 Sne
1167 4783 1297 4847 muietd
1318 4787 1397 4858 inst,

528 4893 578 4960 lb.
600 4891 665 4959 ose
682 4895 750 4981 plsi
768 4897 858 4961 usin
878 4893 1108 4978 manant,
1128 4896 1232 4966 &alar
1251 4901 1401 4969 sltnsmt
