4244 5722
1010 589 1257 654 ...14-

271 745 449 840 udysopno
476 748 563 834 apud
582 747 738 832 Sophocl.
759 749 881 814 Eleotr.
904 751 989 831 627„
1010 769 1113 838 mnus
1133 752 1315 817 suffimenti
1342 749 1474 815 odorati
1495 771 1537 814 ex
1555 753 1660 816 variis
1684 752 1889 816 aromatibus
1909 771 2000 816 corna

271 872 437 957 positum,
460 865 548 951 quod
570 866 612 930 ad
632 870 762 931 suffitus
783 866 1031 933 incendebatur.
1074 869 1215 954 Romani
1235 871 1415 953 scriptores
1435 870 1631 955 plerumque
1651 880 1706 933 tus
1726 880 1761 933 et
1780 867 1898 933 odores
1911 891 1999 934 con-

261 992 422 1076 ·jungunt.
476 984 543 1048 Sed
569 986 723 1049 omnibus
749 984 909 1050 odoribus
939 986 1192 1072 praeferebatur
1223 986 1402 1071 secundum
1433 986 1578 1050 Plinium
1606 988 1651 1054 H„
1680 986 1726 1050 N.
1753 984 1998 1068 x11,25(oo)

220 1083 224 1089 ⁴
271 1107 470 1184 balsamum,
492 1106 551 1166 uni
573 1113 740 1168 terrarum
759 1103 905 1169 Judaeae
925 1125 1133 1183 concessum,
1156 1104 1246 1189 quod
1265 1124 1349 1169 voce
1367 1103 1512 1171 πελσανα
1532 1105 1595 1184 IV,
1608 1105 1641 1185 b,
1651 1108 1703 1172 27.
1725 1102 1910 1193 designari,
1924 1108 1996 1187 'jam

263 1228 307 1288 in
326 1221 470 1286 secunda
489 1221 656 1306 particula
676 1223 707 1306 ξ.
728 1225 780 1288 23.
802 1225 933 1302 monui,
961 1223 1020 1285 ubi
1041 1224 1139 1287 simul
1159 1224 1226 1287 alis
1254 1225 1451 1310 purgatoria
1476 1221 1634 1313 (περαια),
1662 1233 1703 1286 ut
1727 1243 1816 1289 casso
1848 1222 1994 1303 (sulfur),

270 1362 376 1407 rcaoss
395 1338 525 1404 Ασιανε
547 1340 711 1415 (bitumen
730 1328 905 1416 Asianum)
926 1350 960 1402 et
981 1337 1054 1430 ξερε
1076 1339 1254 1420 (verbenae
1274 1362 1300 1406 s.
1313 1339 1473 1428 sagmina)
1495 1342 1663 1404 illustrata
1681 1351 1768 1406 suut.
1806 1338 1998 1406 Secundum

135 1436 141 1443 ¹
270 1461 417 1522 Plinium
437 1457 482 1522 H.
504 1453 709 1535 N.xx11,2
730 1466 813 1520 extr.
836 1459 927 1520 euim
944 1458 1110 1522 verbenae
1130 1459 1186 1522 vel
1207 1458 1361 1544 sagmina
1375 1457 1531 1540 (utroque
1552 1460 1684 1521 nomine
1714 1456 1804 1520 idem
1833 1458 1998 1547 ngenifica·

270 1590 328 1644 tur
348 1595 483 1666 gramen
504 1594 546 1636 ex
566 1594 642 1637 arce
664 1594 739 1636 cum
759 1568 819 1637 sua
839 1584 930 1638 terra
950 1576 1117 1655 evulsum)
1138 1579 1174 1638 in
1195 1573 1352 1639 remediis
1373 1575 1517 1661 publicis
1538 1578 1645 1655 fuere,
1666 1575 1699 1640 h.
1717 1596 1745 1641 e.
1766 1575 1819 1640 rel
1840 1573 1999 1640 ornandis

270 1695 423 1774 deorum,
444 1712 526 1776 quos
547 1691 693 1776 placatos
713 1693 879 1773 uolebant,
901 1696 980 1772 aris,
1010 1696 1063 1758 rel
1085 1693 1264 1758 lustrandis
1284 1693 1522 1782 ac-purgandis
1543 1693 1714 1775 domibus,
1744 1691 1832 1758 nuda
1851 1694 1999 1760 venefica

251 1812 357 1901 ,apud
378 1810 567 1899 Virgilium
587 1809 656 1875 Ecl.
678 1809 773 1888 vill,
795 1811 836 1876 65
856 1831 929 1895 sqq,
949 1815 1133 1897 praecipit:

393 1925 574 1992 Verbenas'
586 1926 682 1990 adole
703 1930 835 2015 pinguis
858 1937 891 1991 et
912 1930 1196 1993 maculatum
1309 1995 1311 2003 Ι
1334 1964 1335 1968 =

394 2046 552 2134 Coniugis
574 2057 611 2109 ut
632 2048 769 2132 magicis
788 2065 884 2110 sanos
904 2058 1057 2110 avertere
1078 2047 1180 2109 sacris

391 2166 554 2249 Experiar
573 2182 695 2225 sensus.
806 2196 850 2210 -·
959 2197 1003 2212 -
1103 2194 1144 2209 -
1329 2231 1332 2240 ,

432 2286 464 2349 7.
506 2279 561 2343 Ne
581 2289 745 2365 repetam,
769 2298 852 2361 quae
872 2299 913 2342 ex
933 2281 1161 2365 superioribus
1182 2279 1279 2361 hujus
1300 2283 1410 2366 operis
1430 2281 1605 2366 particulis
1626 2283 1693 2360 jam
1713 2283 1791 2346 sans
1810 2291 1892 2346 nota
1909 2292 1999 2363 sunt,

269 2403 396 2469 omissis
418 2398 590 2477 omnibus,
619 2418 703 2480 quae
724 2400 760 2459 in
780 2417 838 2460 sex
858 2399 975 2482 primis
997 2399 1168 2461 sacrificiis
1189 2409 1431 2481 memorantur,
1459 2398 1502 2461 ad
1522 2401 1753 2463 lustrationem
1773 2410 1850 2485 post
1869 2411 1999 2466 sextum

185 2498 188 2505 ¹
269 2501 470 2586 sacrificium
490 2513 727 2579 instituendam
747 2518 859 2578 statim
878 2513 1087 2601 progredior.
1132 2516 1171 2577 In
1191 2517 1253 2579 hac
1274 2528 1342 2581 tres
1363 2528 1440 2581 sunt
1459 2516 1609 2602 periodi,
1631 2539 1772 2601 quarum
1791 2522 1936 2604 protasis
1955 2519 1998 2583 ab

268 2638 387 2704 iisdem
407 2636 518 2700 verbis
540 2654 602 2699 aus
623 2654 653 2695 s.-
671 2630 927 2718 ms—uebruag
947 2636 1078 2719 incipit,
1099 2632 1254 2718 apodosis
1275 2644 1392 2717 contra
1411 2636 1585 2720 particulis
1606 2655 1701 2718 εσμικ
1721 2637 1775 2700 vel
1797 2657 1883 2702 meu.
1934 2637 2000 2700 Re-

270 2776 352 2823 vera
367 2752 499 2838 quidem
516 2751 579 2830 IV,
599 2772 628 2829 a,
641 2753 692 2818 34.
716 2748 917 2837 nebulosa
924 2775 942 2828 ς
965 2749 1136 2815 exaratum
1157 2756 1263 2815 estin
1283 2752 1411 2831 tabula3
1433 2753 1489 2816 sed
1511 2757 1589 2837 qnia
1610 2754 1894 2834 V1,a,23et38.
1913 2774 2002 2836 pur·

268 2877 381 2941 dinsus
401 2873 561 2955 scriptum
583 2870 720 2957 legitur,
742 2878 782 2930 ut
800 2869 861 2947 IV,
877 2889 906 2947 a,
918 2872 969 2935 33.
988 2866 1178 2955 περτινζες,
1204 2862 1322 2952 in'illa
1342 2874 1523 2956 scriptione
1543 2872 1627 2934 mihi
1648 2883 1796 2935 erratum
1815 2892 1882 2935 esse
1902 2872 2001 2937 rido-

266 3006 336 3073 tur,
358 3001 397 3054 ut
417 2989 479 3068 IV,
492 2988 523 3066 b,
535 2991 585 3053 32.
606 2990 643 3049 in
663 2983 908 3076 creatum?
923 3007 986 3072 pro
1008 2986 1215 3077 memineris,
1237 2986 1439 3068 Ρεστιζαα
1459 3009 1521 3074 pro
1541 2989 1715 3072 Εεστιζαμ,
1736 2986 1909 3080 audonei
1930 3011 1998 3076 pro

268 3106 422 3196 subtuab,
454 3105 661 3169 Iuanrua
686 3125 749 3188 pro
772 3106 924 3171 Isono.
965 3103 1062 3171 Aua
1082 3127 1107 3168 s.
1132 3127 1205 3170 απι
1229 3102 1431 3191 πθρτιιθς
1456 3111 1610 3193 proprie,
1639 3120 1677 3172 ut
1703 3129 1789 3173 unsa
1818 3104 1999 3195 πιιρτινζες

267 3207 448 3308 IV,a‚33.‚
473 3232 642 3305 postquem
665 3227 901 3287 consecraveris
921 3223 1101 3310 significat,
1132 3222 1329 3298 sedetiam,
1357 3233 1396 3286 nt
1423 3222 1676 3314 substrepens
1703 3227 1882 3307 1v,a,as.,
1905 3245 1998 3311 quun

268 3347 433 3431 peregeris
454 3344 545 3406 verti
565 3349 689 3423 potest,
712 3343 868 3424 quoniam
889 3343 1006 3403 inserti
1028 3343 1166 3405 ablativi
1189 3341 1380 3432 ledesma),
1404 3341 1533 3432 absus),
1555 3343 1686 3434 σερεφ,
1707 3342 1749 3407 ad
1769 3343 1999 3410 antecedentia

268 3465 462 3549 respiciunt
506 3456 603 3540 Quod
623 3478 686 3543 pro
708 3461 833 3540 Ιαβινα
842 3480 866 3523 s.
884 3461 1033 3548 lautum
1054 3460 1116 3540 IV,
1129 3461 1223 3541 b,25.
1246 3464 1367 3524 12³an
1388 3461 1535 3544 agnabus
1555 3464 1755 3545 scripserim,
1771 3463 1875 3527 nemo
1895 3466 1998 3526 mira-

267 3584 372 3660 bitur,
395 3576 534 3663 quibos
556 3578 678 3664 legerit
697 3574 784 3661 apud
805 3576 1012 3661 sosipatrum
1034 3577 1222 3642 Charisium
1242 3602 1274 3664 p.
1286 3583 1337 3647 39.
1361 3580 1411 3643 ed.
1424 3580 1574 3647 Putscb.t
1599 3580 1756 3645 »Detivus
1777 3592 1811 3646 et
1831 3582 1996 3645 ablativus

270 3719 349 3786 sper
370 3701 399 3763 is
421 3703 553 3774 exeunt,
574 3705 613 3757 ut
707 3689 846 3759 tubulis:
864 3698 929 3757 nisi
951 3695 1040 3779 quod
1060 3718 1294 3782 nonnunquam
1314 3701 1400 3761 ratio
1423 3702 1486 3761 ista
1506 3702 1703 3764 auctoritate
1723 3701 1780 3764 vel
1800 3702 1994 3764 necessitate

220 3848 225 3858 ¹
268 3817 533 3899 »corrumpiturs
561 3814 672 3876 ‘veluti
701 3835 802 3897 quum
830 3812 955 3877 dicitur
983 3815 1034 3880 bis
1054 3815 1174 3879 deabus
1200 3828 1232 3879 et
1254 3815 1432 3880 libertabus
1452 3817 1657 3900 filiabusque:
1690 3816 1779 3900 quod
1806 3818 1993 3909 jurisperiti

269 3937 516 4009 »instituerunt
538 3933 765 4019 ambiguitatis
785 3929 1004 3994 secernendae
1024 3933 1153 3997 scilicet
1174 3937 1290 4019 gratia
1325 3936 1367 3997 ob
1389 3956 1486 4019 quam
1506 3936 1611 3998 multa
1631 3934 1764 3998 sordide
1786 3936 1827 3998 ab
1847 3937 1995 3999 auctori·

270 4053 349 4116 »bus
372 4050 461 4114 dicta
481 4048 639 4113 videntur
659 4049 781 4112 habere
802 4052 976 4115 rationem.
1017 4050 1172 4135 Namque
1186 4050 1311 4114 Gellius
1332 4051 1549 4116 insecundo:
1570 4051 1718 4133 Deobua,
1730 4057 1850 4137 inquit,
1870 4053 1995 4136 suppli·

268 4191 383 4250 acuns,
417 4179 451 4231 et
470 4171 505 4229 in
528 4166 655 4234 eodem:
686 4170 868 4233 Multitudo
886 4189 1054 4251 puerorum
1068 4175 1137 4252 jam
1158 4180 1229 4233 erot
1251 4191 1291 4233 ex
1312 4171 1486 4252 raptabar,
1520 4182 1553 4234 et
1579 4174 1615 4233 in
1634 4174 1753 4235 tertio:
1786 4172 1901 4253 capite
1929 4191 1994 4236 m

268 4291 364 4358 soliis
382 4287 547 4370 poucobus
571 4287 753 4364 consilium
783 4297 818 4350 et
838 4289 873 4349 in
895 4290 1029 4372 quinto:
1052 4286 1245 4369 Puellobus;
1274 4300 1308 4351 et
1327 4292 1363 4351 in
1384 4291 1543 4374 septimo:
1565 4287 1631 4354 Pro
1652 4289 1775 4355 duobus
1794 4290 1992 4372 pudieobuss

267 4429 381 4494 aquae,
403 4417 443 4470 ut
463 4405 545 4484 dixi,
567 4427 662 4469 sexus
684 4404 877 4470 ostendendi
899 4427 997 4469 causa
1019 4405 1150 4470 defendi
1161 4418 1306 4492 possunt.
1349 4407 1394 4471 At
1414 4428 1516 4491 quum
1537 4408 1736 4472 nullacausa
1756 4417 1895 4493 cogente
1911 4406 1994 4493 quid

268 4526 518 4602 samsucius,
549 4536 628 4588 tunc
659 4528 820 4588 nimirum
842 4523 1063 4589 confitendum
1090 4536 1140 4589 est
1166 4525 1207 4589 de
1228 4545 1344 4590 errore
1351 4569 1362 4601 ,
1390 4536 1430 4589 ut
1455 4524 1543 4588 idem
1563 4522 1692 4588 Gellius
1719 4528 1755 4588 in
1781 4526 1992 4616 nonagesimo

268 4649 442 4731 »septimos
470 4643 645 4725 Portubus,
677 4654 712 4708 et
731 4664 821 4722 mox,
843 4645 984 4717 oleobua
1006 4654 1040 4708 et
1060 4645 1196 4708 Plautus
1217 4649 1253 4706 iu
1275 4643 1476 4707 Curculione
1498 4643 1562 4724 IV,
1572 4646 1604 4724 2,
1616 4647 1667 4709 20.
1689 4643 1794 4725 bibus,
1815 4655 1849 4708 et
1863 4645 1992 4709 Ennius

270 4766 325 4829 sin
345 4763 570 4847 Protreptico:
593 4760 775 4827 Ponnibust
798 4781 884 4845 quae
905 4760 1049 4825 uounda
1067 4761 1252 4827 videntur«.
1296 4765 1399 4828 Plura
1410 4763 1508 4841 hujus
1529 4763 1661 4849 generis
1673 4764 1818 4848 exempla
1839 4766 1991 4850 proferre

267 4901 413 4968 possem,
435 4879 491 4944 sed
512 4882 576 4943 ista
596 4881 674 4943 satis
694 4881 852 4963 probant,
873 4878 962 4966 apud
983 4882 1135 4965 antiquos
1156 4881 1338 4962 Romanos,
1359 4885 1418 4964 qui
1437 4878 1619 4946 secundum
1639 4881 1780 4946 Paulum
1786 4902 1826 4964 ,s.
1848 4904 1882 4950 r.
1903 4881 1992 4949 eelim
