4244 5722
938 662 1188 727 ,54-

584 818 1466 891 ιιιαισιιιιιθιοιιιωιιιιιιιιιιιιιιοιιιιιιιιιιιιιιτιι

637 928 1560 997 nmatsvuenn'rscnonnesevomueuunrosaoott

579 1035 1534 1109 xensuonanamosnsmnrunromnononsousutov

638 1144 1361 1215 ιιιιιιοοσιιοιιιοιιιιΔιιιΝΑΝΤιισιιιιι
1397 1144 1503 1216 [nan

581 1245 1584 1309 encrensiootuoauuuseuntnennoovsnnnnnateov

640 1360 669 1428 (ι
677 1358 1415 1429 Υιιιιιιιιιαιιιιιιιιιιιασιιιιιιιιιιιιιιωι)

581 1466 1528 1538 nuuanmnetnntanNe(AY)nsouanno(n)anox(seN)

637 1574 1383 1644 xennnrumunuoeanslausannensem
1401 1574 1433 1633 ι.
1452 1594 1478 1634 s.

605 1710 728 1803 Χώνης
748 1710 819 1783 i'so'
842 1710 940 1803 ὁρίαν
960 1713 1193 1804 Μαρσαπίδος
1214 1710 1313 1785 ἄστεϊ
1329 1710 1449 1807 Βάσταν

664 1826 770 1901 Εἶναι
786 1828 960 1925 Ὑδρᾶντα,
984 1829 1147 1923 Τάρανιῗ,
1169 1824 1211 1904 οὗ
1231 1833 1313 1926 ἕδρα
1332 1828 1548 1918 Μεσταβόου·

602 1950 802 2030 Χωνεόονὰς
823 1946 852 2019 δ’
875 1951 979 2031 ἀκτὰς
997 1948 1142 2041 Σύβαριν
1162 1954 1192 2019 s'
1216 1947 1412 2044 Οἰνώτρων,
1434 1948 1538 2019 ὄκνου

662 2065 834 2160 Αἰσάραος
855 2067 981 2138 πόντου
1001 2068 1119 2137 ὕδασιν
1139 2065 1302 2160 deceptas:

602 2180 689 2253 ’Eoo’
706 2181 805 2273 Ἴρηξ
824 2184 937 2275 ὁρικὸς
956 2194 1105 2277 καταρεῖ,
1125 2179 1150 2276 ᾗ
1170 2190 1327 2255 Χωνέτου
1347 2176 1371 2275 ᾗ
1391 2212 1429 2254 τε
1450 2185 1612 2255 Νααίθσυ

656 2299 785 2371 Ὕδατα
806 2302 972 2395 Χωννείᾳ,
996 2298 1067 2371 ἔνθ’
1088 2300 1201 2384 Ὑλιάς
1222 2330 1258 2373 τε
1279 2299 1364 2371 νάει·
1645 2316 1650 2325 “

601 2418 731 2500 ’Ande
751 2424 953 2509 Κραθιαεῖς,
973 2421 1045 2488 ἔνθ’
1067 2414 1111 2489 αὖ
1131 2420 1327 2513 Βάρδαννος
1347 2415 1411 2489 ἄπ’
1432 2414 1545 2505 ὀχθῶν

665 2534 838 2604 Χωννείαν
860 2538 972 2627 decepsi
990 2535 1192 2628 ἱμερόεσσαν
1213 2534 1278 2608 αἰεί.

352 2694 525 2760 Nonnulla
546 2690 694 2777 quidem,
724 2696 922 2778 praesertim
943 2715 1046 2776 quum
1067 2695 1134 2759 alie
1152 2692 1347 2775 omittenda,
1379 2693 1446 2758 alia
1466 2690 1663 2777 supplenda,
1693 2692 1762 2755 alia
1783 2702 1943 2780 menapo-

187 2813 296 2881 nenda
316 2813 515 2894 censuerim,
542 2811 603 2874 alii
624 2811 727 2875 aliter
752 2813 865 2900 legere
893 2814 1033 2877 fortasse
1055 2815 1188 2893 maliut3
1220 2811 1279 2876 sed
1300 2813 1406 2877 totius
1426 2811 1658 2896 inscriptionis
1678 2813 1846 2875 sententia
1866 2830 1939 2877 aon

184 2935 323 3024 agnosci
344 2933 470 3016 nequit.
517 2929 605 2994 Nam
627 2929 776 2995 chonias
799 2932 945 3016 primum
967 2930 1114 2997 Graecae
1142 2931 1296 2995 coloniae
1323 2931 1585 3014 antiquissimae,
1618 2927 1696 2992 inde
1717 2948 1739 2992 a
1758 2930 1877 2999 Bestae
1893 2931 1938 2993 in

185 3052 310 3139 Apulia
328 3050 452 3113 tinibus
479 3068 583 3133 usque
603 3046 646 3111 ad
666 3047 787 3136 Rhegii
808 3050 962 3128 confinia,
996 3047 1116 3113 deinde
1137 3051 1234 3115 fluvii
1256 3068 1382 3130 omnen,
1416 3047 1459 3112 ad
1486 3067 1631 3133 quorum
1658 3048 1750 3131 ripas
1776 3044 1936 3111 conditae

186 3180 282 3235 erant
294 3169 457 3247 coloniae,
479 3166 558 3230 inde
579 3166 621 3231 ab
641 3167 738 3233 Ireee
758 3170 830 3231 sive
850 3170 963 3252 potius
976 3169 1078 3233 Alces
1098 3167 1140 3232 ad
1151 3167 1342 3233 Bradanum
1362 3187 1468 3253 usque
1483 3169 1656 3232 contrario
1677 3164 1797 3230 ordina
1817 3182 1940 3231 receu-

185 3297 314 3354 sentur.
356 3284 670 3372 chorographicam
685 3283 750 3349 hoc
771 3296 1016 3374 argumentum,
1039 3297 1073 3351 et
1084 3286 1174 3372 quod
1184 3286 1227 3351 ad
1238 3287 1357 3351 Italiae
1367 3284 1605 3374 geographiam
1616 3294 1766 3350 veterem
1785 3294 1821 3349 et
1841 3272 1944 3377 qdod*

184 3404 227 3471 ad
247 3406 427 3470 literarum
448 3392 546 3467 usum
568 3405 700 3481 attinet,
723 3414 790 3467 tam
812 3406 925 3492 gravis
946 3416 996 3469 est
1015 3408 1188 3487 momenti,
1209 3408 1307 3471 utin
1328 3415 1509 3489 utrumque
1521 3404 1676 3490 pluribus
1696 3398 1938 3487 inquirendum

184 3522 270 3588 mihi
290 3521 457 3588 rideatur.
501 3520 614 3604 Quum
635 3524 725 3585 enim
739 3520 878 3606 Sybaris
898 3536 1105 3590 memoretur
1122 3525 1317 3605 Oenotriae,
1337 3542 1445 3609 neque
1465 3522 1537 3587 utta
1558 3525 1685 3587 mentio
1694 3522 1752 3587 fiat
1759 3520 1937 3585 Lucaniae

184 3642 242 3709 vel
262 3642 402 3705 illarum
423 3639 572 3720 urbium,
600 3661 685 3724 quae
705 3652 782 3728 post
809 3645 953 3707 excisam
973 3641 1131 3728 Sybarim
1159 3642 1313 3708 conditae
1333 3653 1421 3724 sunt,
1443 3640 1593 3706 Choniae
1614 3650 1728 3705 nostra
1747 3638 1951 3724 descriptio?

185 3764 278 3825 intra
298 3779 423 3824 annum
443 3760 506 3825 sto
526 3778 557 3825 a.
580 3757 661 3827 Chr.
684 3781 732 3840 n.,
753 3779 820 3843 quo
839 3760 976 3843 Sybaris
997 3762 1039 3827 ah
1059 3762 1201 3829 Achaeis
1221 3762 1356 3828 condita
1376 3763 1453 3843 init,
1474 3770 1510 3827 et
1529 3765 1602 3842 ott),
1623 3777 1691 3843 quo
1711 3756 1822 3823 deleta
1843 3768 1934 3832 ests

185 3878 405 3958 crotoniatis,
427 3887 563 3942 exarata
584 3896 654 3941 esse
675 3878 821 3959 videtur,
843 3901 945 3965 quum
955 3882 1061 3945 Locri
1071 3882 1290 3968 Epizephyrii
1302 3884 1406 3967 primi
1426 3884 1578 3947 omnium
1597 3878 1734 3964 scriptis
1751 3884 1935 3944 ammom

185 3996 328 4085 legibus,
352 3996 471 4081 quihus
492 3995 568 4081 plns
589 3993 742 4062 ducentis
763 4000 856 4063 annis
877 3998 956 4063 inda
976 4000 1017 4064 ab
1030 4000 1230 4085 Olympiade
1251 3999 1368 4065 XXIX
1388 4000 1463 4076 (664
1475 4019 1505 4062 a.
1518 3996 1598 4061 cur.
1611 3997 1660 4070 n.)
1679 4014 1781 4063 anam
1799 4002 1934 4059 tantum

185 4116 295 4204 legem
322 4129 446 4180 novam
466 4111 614 4179 additam
641 4134 723 4195 esse,
745 4115 985 4183 Demosthenes
1006 4119 1043 4185 in
1064 4118 1351 4205 Timocr.p.'144.
1373 4115 1426 4184 ed.
1447 4112 1559 4179 Reish.
1582 4112 1641 4193 (cf.
1664 4108 1766 4176 Diod.
1785 4110 1934 4189 x11,1t:

185 4232 297 4299 Strah.
321 4232 384 4311 Vl,
397 4236 427 4313 1,
439 4234 468 4300 8.
485 4252 559 4322 pag.
572 4235 649 4316 260)
668 4244 820 4300 testatur.
864 4236 956 4299 Hinc
977 4246 1112 4322 praeter
1131 4239 1345 4325 aspirationis
1366 4245 1490 4315 uotam,
1510 4234 1608 4297 vario
1630 4228 1732 4297 modo
1753 4232 1935 4295 formate!

185 4362 285 4436 atque
311 4348 509 4432 adhibitam,
537 4350 682 4416 sedecim
707 4352 808 4419 modo
837 4354 970 4434 literae,
997 4356 1079 4421 licet
1098 4359 1204 4421 variis
1228 4376 1292 4421 nec
1319 4373 1399 4419 raro
1427 4356 1518 4419 iuter
1538 4370 1574 4416 se
1595 4351 1795 4436 permutetis
1816 4338 1933 4436 figurh

185 4473 342 4557 scriptae,
363 4480 599 4559 agnoscuntur.
639 4470 686 4537 Ut
705 4482 820 4536 autem
839 4474 959 4554 fatear,
980 4493 1079 4558 quam
1100 4476 1207 4540 multa
1226 4474 1335 4539 adhuc
1355 4476 1392 4537 in
1411 4472 1465 4535 his
1486 4470 1629 4535 obseura
1648 4468 1735 4532 mihi
1752 4469 1837 4548 sint,
1864 4466 1931 4552 pri·

185 4610 278 4655 mum
298 4590 411 4654 statim
431 4590 661 4675 inscriptionis
683 4607 804 4654 nomen
826 4593 992 4656 incertum
1013 4602 1074 4673 est,
1095 4603 1211 4658 utrum
1230 4590 1421 4661 XAONIA
1441 4589 1513 4657 h.e.
1525 4582 1658 4653 Xoosld
1676 4606 1722 4651 au
1740 4582 1933 4651 Kanum

185 4710 220 4773 h.
242 4727 272 4775 e.
295 4699 414 4795 Xsispg
434 4704 614 4797 legendum
634 4710 688 4772 sit.
731 4708 810 4771 Hoc
831 4718 942 4773 tamen
963 4711 1220 4794 praeferendum
1241 4712 1370 4796 putavi,
1400 4708 1478 4792 quia
1505 4714 1596 4770 sexta
1617 4705 1722 4769 litera
1748 4705 1787 4767 in
1812 4708 1932 4787 merto

185 4844 287 4890 versu
308 4843 371 4911 pro
391 4826 422 4888 Σ
438 4835 600 4910 usurpata
622 4827 791 4890 recurrite
808 4837 880 4892 tum
899 4845 984 4894 vero
1004 4831 1105 4894 metri
1126 4831 1302 4895 necessitas
1309 4826 1557 4909 verborumque
1578 4830 1755 4887 contextus
1774 4820 1933 4904 mantnt

185 4953 225 5008 ut
244 4944 387 5029 Kapsa
400 4943 459 5008 Its
481 4944 554 5008 sive
574 4943 613 5006 X
629 4946 794 5031 scriptum
815 4954 982 5032 putemus,
1003 4957 1102 5032 etque
1120 4948 1144 5013 1
1159 4967 1223 5035 pro
1243 4946 1277 5013 Β
1292 4947 1364 5013 sias
1383 4947 1428 5012 Η.
1470 4942 1548 5009 Hoc
1558 4937 1694 5025 quidem
1714 4938 1752 5003 iu
1772 4936 1934 5005 adverbio
