4244 5722
878 623 1128 689 -31..

574 787 608 863 1.
659 783 805 864 Nomos·
830 782 1031 864 Samnitici
1056 781 1156 862 bello
1182 784 1320 864 Italico
1345 790 1434 865 eost.

297 925 392 990 Inter
412 939 566 988 nummos
579 919 664 985 Osce
683 920 865 1006 inscriptos
884 919 974 982 nulli
994 920 1100 1008 magis
1119 922 1354 986 memorabiles
1374 931 1462 1002 sunt,
1486 940 1586 1005 quam
1608 940 1692 1006 quos
1713 920 1881 995 Samnites

132 1046 222 1110 bello
245 1043 365 1109 Italico
385 1050 560 1131 argenteos
581 1036 766 1103 cuderunt:
789 1039 1026 1123 inscriptiones
1048 1040 1150 1119 enim,
1172 1041 1236 1105 etsi
1256 1039 1387 1121 breves,
1409 1040 1511 1104 utiles
1532 1039 1673 1106 suntad
1694 1039 1880 1129 augendam

132 1174 282 1229 nostram
302 1164 439 1251 linguae
460 1159 563 1221 Oscae
583 1159 769 1222 scientiam.
800 1156 837 1224 C.
850 1153 973 1240 Papias
987 1158 1140 1237 Mutilus,
1163 1157 1363 1222 Samnitium
1384 1160 1581 1243 imperator,
1604 1161 1640 1223 in
1661 1160 1732 1222 illis
1753 1161 1881 1244 partim

134 1281 173 1349 C.
194 1280 304 1366 Poepi
324 1280 400 1360 (G),
425 1277 550 1362 partim
572 1273 615 1341 G.
638 1276 743 1344 Moli!
761 1277 833 1343 sive
853 1275 959 1342 Motil
978 1275 1141 1341 endroior
1161 1273 1303 1356 dicitur3
1340 1276 1462 1345 Vitelio
1489 1296 1574 1343 vero
1602 1279 1639 1343 in
1668 1296 1747 1343 casu
1768 1275 1880 1342 deter-

133 1403 299 1467 minative
319 1416 381 1485 pro
401 1395 503 1463 Italia
521 1396 659 1460 nomine
679 1414 893 1460 nummorum
913 1394 1087 1476 similium,
1108 1398 1197 1460 sicut
1217 1393 1356 1482 Soflcim
1378 1415 1509 1481 quoque
1536 1415 1599 1483 pro
1619 1395 1766 1476 Somnio,
1800 1397 1888 1459 scri·

133 1529 229 1605 ptum
249 1518 400 1604 legimus,
423 1525 520 1602 atque
540 1513 698 1580 discimus
719 1512 808 1595 inde,
837 1511 1005 1580 Samnites
1025 1532 1134 1599 neque
1154 1516 1196 1578 ab
1222 1513 1326 1580 hastis
1348 1515 1533 1602 appellatos
1555 1534 1635 1596 esse,
1659 1536 1740 1601 quas
1760 1512 1884 1579 Graeci

134 1629 253 1704 σαύνια
273 1633 454 1721 appellant,
477 1654 586 1718 neque
607 1654 627 1698 a
648 1634 736 1698 colle
757 1631 906 1711 Samnio,
933 1633 993 1697 ubi
1015 1653 1056 1697 ex
1077 1632 1210 1697 Sabinis
1231 1631 1446 1698 adventantes
1467 1630 1700 1709 consederunt,
1723 1628 1881 1716 quemad·

134 1752 268 1818 modum
295 1751 420 1817 Paulus
446 1751 617 1817 Diaconus
638 1772 657 1816 e
677 1753 773 1816 Festo
803 1753 982 1838 excerpsit,
1012 1750 1071 1818 sed
1096 1746 1262 1817 Samnites
1283 1754 1379 1836 quasi
1408 1751 1556 1816 Sabellos
1577 1753 1686 1816 dictos
1707 1770 1727 1814 a
1746 1748 1882 1815 Sabinis

134 1878 236 1936 ortos.
277 1870 407 1937 Italiam
432 1875 505 1954 jam
531 1871 732 1937 Hellanicus
759 1871 900 1935 Lesbius
930 1869 1113 1937 secundum
1139 1869 1343 1954 Dionysium
1367 1869 1481 1934 Halic.
1512 1869 1603 1952 I,35·
1641 1861 1880 1953 Οὔῖιαλζαν

134 1990 339 2053 nominatam
362 1992 510 2075 scripsit,
540 2009 640 2073 quam
660 2008 837 2076 perperam
858 1999 968 2053 tamen
989 2010 1009 2053 a
1029 1991 1138 2054 ritulo
1160 1989 1322 2054 Herculis
1351 1987 1530 2056 derivavit.
1573 1987 1663 2053 Nam
1688 2008 1732 2052 ne
1752 2008 1773 2052 a
1792 1988 1884 2052 vim·
1954 2059 1958 2067 ,

132 2106 244 2169 lorum
267 2104 403 2190 quidem
424 2105 678 2190 pulchritudine
706 2117 740 2170 et
767 2109 851 2186 fetu,
881 2104 972 2192 quod
998 2106 1158 2170 Timaeus
1178 2107 1216 2169 in
1242 2105 1395 2171 historiis
1416 2104 1458 2170 de
1478 2106 1579 2170 rebus
1599 2106 1719 2192 populi
1739 2106 1884 2169 Romani

131 2223 316 2288 mcundum
335 2224 529 2289 Varronem
549 2224 587 2285 ll.
609 2223 648 2285 it.
670 2223 758 2297 11,o.
781 2222 975 2280 etGettium
996 2222 1082 2291 11,1.
1105 2223 1298 2300 scripserat,
1320 2234 1439 2285 vocata
1462 2234 1512 2288 est
1531 2222 1643 2306 Italia,
1665 2222 1724 2288 sed
1745 2223 1786 2287 ab
1799 2221 1884 2288 Italo

132 2360 226 2428 rego,
249 2341 306 2424 qui
326 2335 508 2402 secuudum
529 2335 777 2416 antiquissimos
799 2352 916 2394 rerum
936 2332 1100 2395 Italarum
1120 2343 1276 2397 auctores
1297 2336 1501 2398 Antiochum
1522 2337 1769 2418 Syracusanum
1796 2338 1885 2424 apud

133 2457 335 2533 Dionysium
356 2451 436 2510 Hal.
458 2450 487 2524 1,
500 2450 552 2513 35.
575 2457 676 2529 atque
705 2445 940 2528 Thucydidem
961 2445 1067 2525 v1,2.
1100 2449 1137 2508 in
1168 2450 1329 2511 extremis
1360 2449 1575 2514 bruttiorum
1604 2451 1726 2516 finibus
1758 2473 1884 2520 novum

131 2586 274 2658 reguum
295 2561 458 2642 condidit,
492 2561 583 2647 quod
611 2563 714 2627 etiam
735 2561 935 2627 Aristoteles
962 2562 1215 2643 Polit.V11,o.
1244 2567 1281 2627 in
1308 2584 1345 2629 ea
1373 2565 1556 2633 Oenotriae
1583 2588 1644 2634 ora
1663 2573 1768 2636 inissa
1788 2573 1884 2654 dicit,

133 2706 217 2772 quae
241 2684 417 2747 Lametico
449 2678 701 2764 Scylleticoque
731 2680 869 2744 sinubus
901 2680 1148 2747 continebatur.
1191 2680 1310 2746 Italiac
1340 2703 1462 2751 nomen
1493 2686 1650 2772 Dionysii
1681 2689 1883 2774 Syracusani

133 2814 243 2868 aetate
263 2800 412 2865 nondum
432 2799 526 2864 ultra
546 2798 707 2888 Magnam
721 2797 909 2880 Graeciam,
931 2800 1027 2880 cujus
1047 2796 1345 2886 caput'l'arentum
1366 2805 1444 2883 init,
1467 2807 1503 2868 in
1525 2807 1666 2871 australi
1688 2810 1885 2894 peninsulae

132 2925 236 2987 litore
257 2923 356 2985 sitam
376 2918 553 3005 pertinuit
596 2914 664 2982 Sed
684 2918 838 2996 Romani,
860 2919 918 3002 qni
939 2927 1126 3006 expugnata
1136 2915 1348 2984 Achaeorum
1368 2921 1455 2986 urbe
1476 2920 1643 2990 Corintho
1661 2935 1767 2991 totam
1779 2927 1884 2994 Grae-

133 3042 220 3105 ciam
240 3042 278 3102 in
297 3039 495 3124 provinciae
514 3040 660 3100 formam
681 3035 849 3100 redactam
871 3035 1034 3119 Achajam
1056 3037 1228 3122 appellare
1258 3051 1456 3124 coeperunt,
1489 3041 1608 3107 eodem
1636 3045 1749 3126 modo,
1783 3056 1885 3133 capto

133 3159 294 3239 Tarento,
327 3158 392 3221 toti
420 3156 637 3241 paeninsulae
664 3156 701 3215 in
730 3161 877 3236 quatuor
901 3155 1094 3239 provincias
1116 3153 1243 3221 divisae
1264 3158 1383 3223 Italiae
1410 3180 1531 3224 nomen
1553 3161 1732 3245 dederunt,
1766 3167 1823 3229 cui
1843 3167 1885 3230 ab

134 3275 286 3373 Augusto
307 3273 441 3338 demum
469 3273 579 3339 omnis
608 3269 720 3335 Gallia
749 3268 916 3355 Cisalpina
948 3269 990 3335 ad
1019 3272 1120 3358 Alpes
1151 3293 1256 3358 usque
1289 3287 1339 3340 est
1370 3275 1492 3346 addita.
1536 3262 1662 3344 Eorum
1694 3283 1884 3369 exemplum

135 3396 242 3460 secuti
262 3390 429 3457 Samnites
450 3410 583 3476 quoque
603 3390 695 3453 bello
716 3388 839 3455 Italico
860 3406 976 3454 omnes
1004 3392 1186 3473 sociorum,
1218 3394 1277 3477 qni
1297 3395 1339 3459 ab
1360 3395 1518 3461 Romanis
1548 3396 1769 3482 desciverant,
1800 3403 1883 3466 fines

135 3513 274 3593 tration,
296 3515 433 3594 ejusque
453 3519 554 3598 capnt
575 3507 775 3588 Corfinium,
795 3506 1015 3598 Pelignornm
1036 3508 1209 3595 oppidum,
1230 3512 1380 3579 italicum
1399 3534 1458 3580 sen
1480 3518 1593 3603 potius
1612 3517 1761 3585 Vitalium
1782 3541 1884 3586 voca·

135 3641 226 3697 runt.
269 3631 379 3694 Etiam
399 3629 524 3693 Italum
543 3648 659 3715 regem
687 3629 829 3713 proprio
856 3628 997 3692 nomine
1021 3626 1140 3695 Vitium
1170 3649 1240 3694 esse
1271 3635 1492 3716 nominatum,
1525 3637 1562 3698 in
1593 3634 1734 3702 dubium
1766 3643 1885 3703 vocari

135 3750 263 3834 nequit,
284 3767 388 3832 quum
408 3748 445 3809 in
464 3745 616 3834 iguviuis
636 3746 761 3811 tabulis
783 3723 918 3831 quoque
939 3742 1146 3812 Graecorum
1167 3744 1302 3830 ἲταλούς
1322 3752 1421 3819 oitlos
1442 3752 1551 3819 dictos
1571 3754 1736 3843 legamus:
1759 3757 1884 3823 Italum

136 3869 226 3933 enim
258 3887 280 3931 e
309 3883 433 3955 genere
465 3864 695 3928 Oenotrornm
726 3866 848 3946 inisse,
891 3868 948 3951 qui
987 3865 1110 3934 Veliam
1137 3887 1267 3954 quoque
1294 3890 1358 3956 pro
1385 3872 1467 3935 Elea
1497 3883 1598 3958 atque
1638 3874 1793 3942 Vibonem
1820 3899 1883 3966 pro

136 3986 312 4072 Hipponio
343 3981 520 4063 dixerunt,
551 3984 684 4069 primus
709 4002 827 4048 rernm
853 3982 1016 4048 Italarum
1048 3995 1169 4051 auctor
1198 3990 1343 4076 scripsit.
1409 3990 1521 4074 Quum
1552 4003 1665 4058 antem
1696 3996 1884 4062 Antiochus

135 4101 321 4170 secundum
354 4101 557 4185 Dionysium
599 4101 713 4168 Helio.
734 4102 763 4182 l,
786 4104 836 4169 12.
865 4104 1029 4168 historiae
1065 4125 1146 4169 suae
1187 4103 1229 4169 de
1266 4105 1350 4172 Italo
1391 4109 1475 4173 haec
1516 4110 1712 4192 subjecisset
1752 4117 1875 4181 verba:

137 4217 236 4289 otro
264 4217 302 4288 dd
322 4215 455 4286 Σικελοὶ
472 4214 533 4286 καὶ
557 4215 740 4311 Μόργητες
768 4215 918 4307 {ydronto
945 4217 1004 4289 καὶ
1028 4214 1216 4311 Ἰταλίητες,
1248 4218 1358 4305 ἐόντες
1390 4220 1567 4318 Οἴνωτροι,
1598 4230 1814 4316 Thucydides
1846 4236 1882 4297 in

133 4359 212 4404 sum
232 4357 387 4403 errorem
406 4339 517 4425 lapsus
536 4349 598 4421 est,
618 4348 660 4404 ut
679 4338 814 4420 Italum,
836 4342 995 4426 quoniam
1015 4361 1075 4406 sua
1096 4340 1204 4407 adhuc
1224 4355 1332 4410 aetate
1353 4347 1389 4408 in
1401 4344 1501 4412 Italia
1511 4345 1643 4414 Siculos
1665 4365 1882 4440 cognoverat,

133 4455 281 4525 Σικελῶν
299 4453 441 4540 βασιλέα
458 4454 597 4541 diceret,
627 4478 727 4543 quem
747 4462 784 4524 in
802 4449 988 4546 ’Amisos
1007 4459 1149 4545 βασιλέα
1169 4472 1345 4530 mutarunt
1374 4467 1483 4532 malae
1503 4480 1603 4534 notae
1624 4469 1768 4552 codices,
1800 4472 1884 4539 Dio·

134 4577 226 4660 nysii
245 4575 550 4641 Halicamossensis
570 4598 712 4665 pravam
732 4577 774 4643 de
795 4578 955 4646 Oenotris
975 4583 1175 4647 sententiam
1195 4585 1312 4650 secuti.
1354 4584 1443 4651 Nam
1464 4584 1614 4667 Servius,
1637 4592 1702 4656 etsi
1724 4591 1766 4656 ad
1776 4592 1879 4682 virg.

136 4693 178 4762 Δ.
199 4692 300 4777 VIII,
312 4695 384 4764 328.
407 4693 618 4779 Thucydidis
638 4696 798 4763 Sicanum
818 4698 963 4781 iberiae,
996 4699 1030 4764 h.
1053 4719 1083 4765 a.
1105 4696 1291 4786 Sequanam
1314 4700 1458 4786 Galliae,
1486 4707 1611 4772 flumen
1641 4711 1677 4772 in
1698 4711 1882 4796 Hispaniae

137 4814 280 4879 fluvium
301 4812 460 4895 Sicorim,
492 4824 594 4899 atque
620 4814 725 4884 adh.
747 4816 776 4899 Ι,
797 4819 874 4885 init.
896 4828 932 4884 et
951 4822 1024 4889 533.
1067 4817 1191 4886 Italum
1212 4821 1250 4886 in
1277 4818 1415 4889 Siciliae
1437 4844 1564 4914 regem,
1592 4825 1707 4893 Sicani
1729 4833 1881 4913 fratrem,

136 4933 294 5012 mutarit,
315 4933 376 5018 qul
396 4930 439 4997 ad
459 4950 498 4998 aa
518 4933 596 5000 loca
615 4938 763 5019 venerit,
785 4939 1021 5025 praefuerint
1046 4937 1142 5022 juxta
1161 4938 1329 5024 Tiberim,
1358 4964 1436 5010 cum
1457 4946 1594 5032 optimis
1623 4957 1734 5015 tamen
1755 4948 1881 5015 codici·
