4244 5722
882 595 1089 663 *n-

116 788 190 856 pag.
211 767 305 834 2261.
327 783 442 829 cume
463 781 592 848 quoque
612 761 785 842 dicerent,
806 742 1071 827 cum-Umbrieis
1092 758 1250 861 ablativis
1272 777 1405 838 enom,
1434 774 1569 836 enam,
1590 762 1739 855 esame,
1768 753 1850 815 mihi

114 883 338 970 comparanda
358 882 536 958 videntur,
567 884 707 945 cetiam
740 883 776 943 in
796 899 871 965 que
903 878 1061 942 transisse
1093 884 1243 960 apparet.
1286 875 1431 955 Maximi
1455 876 1566 963 igitur
1586 868 1747 943 momnti
1767 868 1853 933 mihi

116 1001 272 1067 videntur
293 1000 502 1066 Umbrorum
525 997 674 1076 tabulae,
706 994 804 1080 quod·
824 1016 892 1058 non
922 992 1021 1058 modo
1049 995 1186 1057 exiliis
1213 995 1435 1082 intelligitur,
1467 992 1572 1077 qualis
1598 992 1709 1055 serino
1735 991 1851 1068 inerit,

113 1119 201 1184 unde
223 1119 416 1197 tam'Osca,
445 1116 686 1200 qnam‘Laths
717 1115 848 1203 lingue
866 1132 927 1196 per
948 1113 1149 1199 Aborigines
1171 1132 1246 1177 cum
1268 1112 1391 1174 Siculis
1422 1113 1522 1175 victis
1542 1101 1664 1185 mixtbs
1685 1109 1852 1194 originem

109 1242 236 1317 traxit,
269 1235 325 1301 sed
351 1238 452 1299 etiam
480 1234 600 1319 quibus
614 1231 787 1321 gradibus
808 1234 1035 1327 Romanorum
1061 1249 1170 1293 sermo
1191 1228 1234 1292 ad
1254 1251 1326 1294 eam
1350 1249 1455 1315 usgue
1474 1229 1718 1319 perfectionem
1738 1233 1852 1290 evecta

110 1359 172 1430 sit,
205 1376 303 1440 qnam
325 1357 361 1415 in
382 1371 505 1417 aureae
524 1352 645 1433 asiptis
665 1351 888 1435 scriptoribus
910 1349 1127 1414 admiramur.
1181 1349 1364 1432 Antiquam
1394 1348 1486 1419 adm
1505 1348 1734 1431 Romanorum
1764 1345 1850 1407 scri«

112 1471 213 1539 bendi
234 1469 543 1555 pronuntiandique
563 1489 691 1535 morem
712 1471 749 1531 in
770 1469 927 1553 plurimis
948 1468 1090 1531 similem
1117 1469 1222 1531 inisse
1242 1466 1420 1531 Umbricae
1441 1463 1694 1543 consuetudini,
1715 1472 1851 1547 praeter

111 1590 307 1675 Scipionum
330 1598 542 1652 monumenta
566 1588 654 1651 aliae
681 1589 919 1671 inscriptiones
947 1585 1085 1662 docent,
1122 1605 1264 1668 quarum
1292 1604 1365 1648 nna·
1387 1581 1476 1667 apud
1493 1583 1605 1649 Lana.
1626 1581 1724 1671 Sagg.
1752 1581 1793 1643 11.
1817 1600 1849 1663 p.

110 1711 181 1775 275.
215 1704 304 1790 apud
325 1708 428 1771 Orell.
450 1725 505 1769 nr.
530 1708 622 1773 1433.
648 1707 698 1767 sic
726 1698 854 1788 scripta
882 1714 958 1785 esta,
984 1701 1033 1766 Μ.
1056 1702 1249 1767 MINDIOS
1271 1704 1312 1768 L.
1334 1702 1383 1766 Fi.
1408 1697 1420 1784 ΙΙ
1442 1700 1479 1767 Ρ.
1502 1697 1754 1775 CONDETIOS
1776 1697 1848 1758 VA.

111 1824 160 1887 sl.
182 1819 194 1905 ΙΙ
214 1820 390 1887 AIDILES
411 1821 620 1889 VICESMA.
642 1820 783 1887 PARTI.
809 1817 820 1902 ΙΙ
844 1820 1076 1886 APOLONFS
1097 1819 1268 1884 DEDERI.
1291 1820 1325 1882 h.
1348 1839 1378 1884 e.
1401 1818 1450 1886 Μ.
1473 1817 1625 1885 Mindius
1644 1819 1686 1880 1..
1707 1814 1847 1894 fidius),

110 1941 144 2005 P.
176 1939 357 2007 Condatins
383 1939 530 2021 Va(leri)
558 1940 696 2022 ii(lius),
730 1938 854 2004 aediles
881 1937 1135 2019 vices(i)ma(m)
1166 1936 1321 2023 parti(m)
1341 1938 1506 2022 Apollinis
1533 1935 1688 2021 (templo)
1716 1931 1848 1999 dedere.

108 2060 261 2123 Literam
280 2077 310 2123 as
328 2058 466 2123 ¹sinalem
486 2058 650 2140 abjicere,
671 2057 755 2124 adeo
776 2059 937 2122 usitatum
958 2067 1049 2136 erat,
1085 2066 1126 2122 nt
1145 2056 1306 2142 Tampius
1328 2055 1461 2142 qnidam
1481 2055 1570 2140 apud
1591 2053 1673 2119 Gor.
1697 2053 1767 2117 Etr.
1791 2049 1846 2115 111.

109 2196 184 2264 pag.
207 2175 334 2239 XXIX.
355 2175 445 2260 apud
466 2176 573 2241 Orell.
595 2196 648 2243 nr.
667 2177 760 2242 4623.
783 2179 937 2263 conjugis
958 2175 1155 2237 karissimae
1176 2172 1345 2237 desiderio
1362 2179 1496 2255 juratus
1518 2177 1575 2246 sit,
1596 2193 1631 2238 se
1652 2180 1728 2256 post
1749 2166 1862 2269 0⁸0¹),-

108 2293 279 2373 uxore(m)
289 2312 358 2357 non
372 2290 605 2371 habituru(m).
649 2293 701 2356 De
722 2294 824 2356 litera
843 2314 860 2356 s
881 2300 1006 2370 autem,
1027 2310 1126 2375 quam
1146 2289 1235 2375 apud
1256 2291 1421 2354 Romanos
1443 2311 1573 2375 quoque
1593 2293 1631 2352 in
1652 2310 1670 2352 r
1690 2288 1849 2351 transisse

108 2414 250 2490 scimus,
272 2407 393 2474 Cicero
414 2413 454 2472 iu
475 2411 621 2474 Oratore
641 2429 669 2474 c.
690 2412 742 2476 45.
770 2411 931 2488 affirmat,
961 2409 1127 2470 Romanos
1154 2408 1433 2492 vocabulasaepe
1454 2410 1630 2473 brevitatis
1651 2425 1750 2471 musa
1769 2380 1848 2469 conss

108 2531 266 2601 traxisse,
299 2538 338 2591 nt
365 2529 414 2590 ite
440 2514 783 2598 dicerent,'mnlti'
814 2525 964 2605 modis,
995 2526 1083 2589 ves'
1115 2517 1357 2612 argenteis,
1390 2526 1534 2608 palmi'
1565 2535 1605 2588 et
1636 2524 1845 2599 crinibus,

108 2647 229 2709 tecti'
250 2647 418 2707 fractis.
462 2643 746 2709 Quinanretius
767 2641 794 2720 1,
816 2644 889 2709 684.
907 2651 969 2707 cet.
993 2641 1246 2705 omnimodis
1269 2643 1366 2716 dixit,
1386 2653 1424 2706 nt
1444 2641 1710 2706 multimodis
1727 2642 1751 2720 Ι,
1774 2641 1845 2706 894.

107 2772 170 2826 cet.
196 2772 230 2825 et
250 2765 287 2825 in
307 2759 435 2824 viden
456 2778 519 2843 pro
540 2759 719 2824 videsne
741 2759 830 2844 apud
852 2761 1039 2849 Virgilium
1067 2759 1105 2823 A.
1128 2761 1185 2839 Vl,
1214 2761 1285 2826 790.
1312 2760 1480 2845 producta
1507 2764 1603 2844 prius
1624 2759 1750 2823 vocalis
1772 2778 1845 2820 cor·

107 2890 202 2961 repta
224 2887 290 2960 est,
324 2898 465 2962 quume
487 2881 676 2957 contrario,
698 2879 798 2942 litera
820 2899 842 2942 n
864 2888 941 2942 ante
962 2877 1035 2956 fet
1054 2899 1071 2941 a
1093 2879 1189 2956 elisa,
1216 2888 1372 2962 correpta
1399 2881 1546 2959 vocalis,
1578 2887 1663 2946 teste
1684 2877 1845 2942 Cicerone

106 2991 199 3060 Orat.
223 2998 274 3062 48.
297 3006 332 3062 et
353 2995 459 3059 Gellio
480 2993 524 3075 11,
543 2964 616 3076 'e
631 2984 887 3080 produceretur.
1543 3065 1546 3069 ,

264 3116 322 3180 ·6.’
344 3112 384 3176 In
404 3112 559 3179 versibus
580 3135 598 3177 a
618 3114 717 3176 litera
744 3113 787 3178 ad
809 3114 980 3179 Ciceronis
1011 3134 1117 3194 usque
1144 3124 1287 3179 aetatem
1317 3125 1394 3180 ante
1422 3125 1657 3196 consonantes,
1687 3112 1844 3196 quemad·-

106 3231 242 3295 modum
264 3251 293 3294 m
313 3238 390 3293 ante
412 3232 543 3293 vocales
564 3230 606 3293 ed
628 3242 778 3296 extrema
799 3252 903 3316 usque
915 3232 1142 3295 Romanorum
1154 3241 1317 3315 tempora,
1339 3234 1546 3310 elidebatur,
1569 3234 1626 3300 sed
1638 3236 1738 3314 haec,
1753 3234 1843 3295 sicut

103 3369 296 3438 paragogen
317 3349 503 3411 amarior
524 3367 586 3429 pro
608 3351 759 3428 amari,
787 3358 821 3412 et
841 3360 936 3414 notas
958 3351 1112 3413 omnibus
1135 3351 1170 3411 in
1191 3350 1331 3431 Verbis,
1362 3352 1644 3434 maledicuntur,
1674 3353 1841 3426 elisiones,

102 3466 259 3552 diopro
281 3465 397 3544 dice,
421 3463 533 3529 dixti
554 3486 616 3549 pro
639 3465 811 3545 dixisti,
829 3473 953 3549 jusso
975 3483 1039 3551 pro
1057 3472 1228 3547 jussero
1249 3479 1314 3532 cet.
1338 3474 1587 3551 praetermitto,
1616 3480 1654 3533 ut
1675 3469 1727 3547 id,
1750 3466 1840 3550 quod

102 3584 144 3649 ab
165 3586 239 3646 aliis
262 3582 411 3647 nondum
432 3582 701 3647 animadversum
723 3592 791 3662 est,
812 3585 966 3666 pluribus
988 3586 1044 3648 hic
1065 3607 1227 3653 moneam.
1270 3587 1410 3650 Romani
1432 3592 1520 3651 enim
1542 3589 1665 3652 Verbis
1687 3589 1722 3649 in
1744 3605 1763 3650 e
1785 3585 1840 3648 de-

101 3702 287 3766 sinentibus
308 3700 393 3766 adeo
414 3698 628 3787 gandebant,
654 3712 780 3766 utnon
802 3704 910 3765 solum
932 3723 1073 3766 amare
1094 3725 1157 3786 pro
1178 3707 1348 3782 amaris,
1386 3714 1420 3768 et
1441 3726 1634 3771 amavere
1655 3678 1839 3789 pro'ama-

100 3826 278 3894 verunt,
312 3818 466 3883 dicerent
487 3822 543 3895 (ci.
568 3816 635 3882 Cic.
662 3820 755 3887 Orat.
778 3824 829 3887 47.
851 3824 903 3886 50.
925 3824 1020 3888 Brut.
1045 3823 1084 3888 18
1105 3823 1181 3906 sq.),
1203 3821 1261 3885 sed
1283 3821 1365 3886 Cato
1387 3821 1586 3907 Censorius,
1620 3833 1704 3887 teste
1735 3823 1837 3887 Quin-

100 3918 219 4001 tiliano
240 3935 322 4002 Inst.
345 3937 534 4016 orat.1I,·‘7,
555 3939 607 4004 23.
641 3935 740 4002 dice
761 3947 795 4002 et
816 3943 926 4003 facie
947 3960 1011 4023 pro
1032 3938 1164 4005 dicam
1194 3949 1228 4003 et
1249 3943 1395 4003 faciam
1417 3944 1596 4023 scriberet,
1631 3940 1836 4022 eundemque

98 4058 136 4118 in
156 4056 296 4134 ceteris,
317 4075 400 4138 qnae
420 4056 580 4118 similiter
601 4054 740 4136 cadunt,
773 4057 908 4129 modum
937 4067 1077 4122 teneret.
1118 4057 1333 4157 §peldingius
1354 4060 1499 4142 quidem,
1522 4080 1674 4126 errorem
1696 4061 1836 4122 omissae

66 4219 73 4231 .
99 4174 240 4237 lineolae
261 4172 480 4257 imponendae
502 4175 700 4254 conjiciens,
736 4175 873 4240 dicem
898 4184 933 4241 ct
953 4162 1247 4254 faciemss'didita
1280 4177 1338 4240 sed
1360 4189 1592 4263 praeterquam
1613 4176 1701 4262 quod
1722 4185 1755 4241 et
1776 4196 1834 4239 an-

96 4289 251 4354 tecedens
267 4290 315 4354 ibi
337 4293 523 4374 exemplum
544 4290 647 4355 here
669 4312 732 4376 pro
752 4292 865 4373 heri,
880 4295 1132 4378 etinsequentia
1154 4296 1243 4359 sibe
1264 4316 1302 4357 sc
1322 4318 1447 4381 quase
1470 4319 1531 4382 pro
1553 4299 1693 4363 sibiae
1715 4296 1832 4378 quasi

95 4411 133 4470 in
154 4409 290 4471 literam
311 4430 329 4471 e
349 4418 486 4486 exeunt,
508 4407 665 4472 damnem
685 4411 775 4473 illam
798 4411 1062 4475 emendationem
1085 4421 1119 4476 et
1138 4413 1269 4492 Festus,
1291 4417 1348 4497 qui
1370 4436 1447 4478 cum
1464 4418 1590 4480 Verrio
1611 4416 1726 4478 Flacco
1749 4415 1832 4475 scri-

94 4527 179 4609 psit:
213 4525 405 4609 »Recipis
437 4524 707 4610 apud-Catonem
741 4547 804 4611 pro
826 4533 1047 4616 recipiam,
1080 4537 1119 4592 ut
1148 4533 1212 4593 alia
1233 4531 1397 4612 ejusmodi
1419 4536 1622 4618 complura«,
1655 4543 1688 4596 ct
1709 4532 1830 4594 Paulus

96 4642 278 4722 Diaconos,
301 4645 359 4727 qui
378 4642 505 4711 stesso
527 4648 709 4730 excerpsit:
733 4645 934 4731 »Recipie
956 4649 1146 4728 recipiam«,
1171 4651 1352 4737 »attinge
1372 4672 1435 4735 pro
1457 4655 1694 4741 attingam«,
1718 4649 1829 4712 »dice

94 4782 158 4846 pro
180 4760 314 4826 dicam
336 4763 472 4844 antiqui
487 4778 673 4846 posuere«,
695 4773 729 4829 et
748 4763 875 4828 Placidi
894 4765 1037 4854 glossae,
1059 4784 1139 4848 quas
1160 4770 1290 4849 primus
1311 4767 1416 4831 edidit
1436 4768 1519 4857 ring.
1541 4770 1669 4833 Maius:
1694 4768 1827 4840 »Dice

93 4877 239 4947 dcam«.
293 4881 471 4946 Praeterea
487 4879 651 4947 Messalla
670 4883 705 4945 in
728 4881 891 4949 libro-de
918 4904 936 4947 a
963 4883 1080 4965 litera,
1109 4885 1172 4959 nbi
1195 4885 1282 4950 idem
1310 4889 1457 4969 positum
1484 4887 1566 4953 dicit
1591 4888 1826 4966 Quintilianus,
