4244 5722
963 570 1245 651 :lt-

285 746 367 811 isim
389 736 498 821 te(r)st
517 732 940 837 pultipsr'sodtsoksroklom,
958 735 1029 816 pod
1057 742 1152 796 nster
1193 744 1290 797 terem
1318 734 1459 811 m(e)sses
1489 738 1548 815 ist,
1585 756 1588 767 ·

285 871 321 927 et
360 870 467 925 terret
517 879 538 922 a
558 856 726 943 peculatu·
754 852 930 933 sacellum,
952 850 1042 935 quod
1061 854 1154 916 intra
1175 861 1302 916 terram
1323 851 1467 917 mediam
1487 862 1550 933 cst,

283 984 343 1065 poi
396 988 491 1043 terem
543 995 583 1039 cn
603 976 709 1038 niomu
782 972 947 1057 langland
1004 969 1144 1053 profcto
1174 980 1224 1036 set
1246 970 1361 1050 l(s'mes)
1382 992 1519 1054 aanor,

286 1119 350 1184 qua
370 1100 407 1160 in
427 1106 523 1159 terre
543 1094 597 1157 vel
620 1094 760 1179 regione
783 1087 983 1155 exdecreto
1003 1093 1155 1173 praefato
1174 1090 1220 1155 sit
1240 1090 1337 1153 limes
1359 1090 1413 1153 vel
1434 1110 1564 1171 murus,

284 1238 329 1300 po
350 1216 437 1283 sibile
457 1212 607 1289 scindo)
712 1209 905 1289 ommidibta
1115 1229 1165 1274 ons
1225 1211 1311 1273 mois
1341 1210 1490 1274 mutatas·
1510 1210 1630 1293 (tieret,
1650 1212 1754 1295 fotid,

287 1355 353 1421 quo
365 1336 441 1399 istic
451 1351 547 1394 sacra
559 1329 663 1409 (loca)
675 1330 930 1413 circumscripta
941 1324 1058 1408 (sunt),
1091 1328 1192 1391 simul
1212 1346 1332 1392 moene
1352 1328 1477 1393 molari
1497 1348 1629 1419 aggere,
1650 1333 1749 1412 fossa,

267 1456 382 1520 ,cissis
400 1449 602 1517 satoratteis
621 1450 726 1528 (isim)
748 1454 831 1512 teres
846 1445 1044 1529 frontatios,
1064 1445 1209 1529 [(ιίΙιοε),
1229 1446 1383 1527 metuito,

285 1572 386 1649 hujus
449 1568 568 1633 sacelli
691 1577 726 1630 et
746 1576 857 1630 terrae
877 1566 1044 1645 frutectis,
1064 1566 1204 1645 ficubus,
1226 1568 1428 1645 munitione,

283 1699 345 1772 pot
448 1689 566 1763 or(tom
606 1680 759 1762 Atellata)
781 1692 837 1749 aas
855 1680 2007 1769 Novlals(pustinfflerslsleisfi(s'ssso,Adellooisps'dlloelnl(s'lsomosso).

287 1816 573 1892 quatenusactum
583 1802 1002 1891 estdbellaeatqueNol'ac
1085 1801 2003 1885 deHercnlisficeto,AbellanicnmNolanoe'ommnni.

631 2012 752 2105 Pars
765 2004 867 2103 7²1.
927 2014 1180 2133 Alpshcbeia
1213 2014 1340 2103 Osca
1399 2014 1511 2111 Tab.
1545 2014 1607 2103 ΙΙ.

411 2162 452 2227 ln
473 2163 587 2229 tabula
607 2162 651 2224 11.
668 2163 845 2245 alphabeta
866 2161 980 2223 addidi
1002 2184 1043 2221 ex
1064 2160 1342 2241 inscriptionibus
1363 2158 1544 2227 illustratis
1562 2164 1716 2242 collecte,
1738 2182 1823 2246 qnae
1842 2176 1880 2229 nt
1898 2175 1999 2229 recte

243 2284 491 2369 intelligantur,
512 2302 617 2365 panca
638 2276 847 2341 admonenda
866 2287 955 2341 sunt.
984 2278 1116 2357 Fontes,
1137 2274 1226 2339 unda
1242 2278 1361 2339 hausta
1380 2284 1471 2353 sunt,
1491 2280 1728 2364 superscripsi,
1750 2279 2004 2369 diligenterque

244 2404 330 2479 cavi,
352 2421 395 2463 ne
416 2402 687 2461 immiscerentur
709 2416 727 2457 e
748 2394 961 2459 nummisvel
974 2396 1062 2457 vasis
1083 2396 1205 2471 aliena,
1227 2412 1313 2476 quae
1335 2390 1498 2471 judicium
1518 2396 1766 2479 perturbarent.
1807 2397 2006 2484 Alphabetu

244 2521 311 2585 soli
332 2518 498 2603 Capuensi
517 2534 640 2601 paucas
660 2515 776 2577 literas
796 2512 912 2575 addidi
933 2533 951 2577 e
973 2514 1118 2575 nummis
1142 2514 1334 2575 Samniticis
1354 2511 1545 2593 illustratis,
1577 2524 1617 2577 ut
1635 2517 1882 2599 supplerentur,
1911 2534 2004 2599 quae

246 2637 407 2701 deessent.
457 2636 561 2697 Deest
587 2644 697 2697 tamen
726 2634 942 2718 aspirationis
970 2640 1062 2710 nota,
1091 2628 1370 2711 quemadmodum
1395 2630 1496 2693 litera
1517 2629 1544 2693 G
1564 2631 1620 2694 vel
1641 2629 1671 2693 G
1691 2633 1728 2693 iu
1748 2634 2003 2698 Herculanensi

245 2756 437 2841 alphabeto,
458 2754 499 2833 B,
521 2752 567 2832 Η,
588 2753 624 2829 F,
648 2754 683 2813 in
711 2751 933 2834 inscriptione
958 2750 1199 2831 antiquissima.
1243 2747 1311 2810 Ubi
1338 2748 1499 2812 lineolam
1519 2758 1744 2814 transversam
1764 2754 1873 2835 posui,
1902 2754 2001 2815 nulla

247 2876 384 2939 omnino
406 2873 509 2935 litera
530 2871 614 2934 Osca
635 2870 776 2932 Latinae
798 2868 932 2931 divorsa
952 2865 1097 2951 quadam
1117 2868 1226 2955 figura
1246 2865 1435 2951 respondet,
1459 2889 1562 2951 quum
1584 2869 1610 2933 C
1632 2888 1765 2954 semper
1785 2889 1849 2955 pro
1861 2868 1892 2932 G
1910 2876 2000 2935 scri·

246 2994 357 3071 batur,
378 2993 468 3055 sicut
489 2988 558 3052 KV
578 3008 642 3075 pro
664 2988 692 3069 Q
716 2998 749 3050 et
769 2985 827 3049 KS
848 3006 912 3071 pro
932 2984 978 3066 X,
1000 2986 1031 3047 Z
1052 3006 1135 3050 vero
1156 3007 1225 3049 non
1245 2983 1458 3049 discernatur
1478 2988 1519 3049 ab
1540 2984 1577 3067 S,
1606 2986 1672 3049 nisi
1700 2990 1730 3049 si
1758 2986 1926 3073 duplicem
1942 2988 1996 3053 SS

247 3123 316 3175 tam
336 3130 399 3195 pro
420 3110 451 3171 Z
471 3128 574 3191 quam
595 3127 658 3191 pro
678 3106 713 3169 X
733 3108 876 3189 positam
898 3116 1017 3190 putare
1040 3104 1129 3167 velis.
1174 3103 1272 3186 Quod
1293 3103 1336 3167 ad
1356 3104 1470 3169 addita
1490 3104 1558 3169 duo
1570 3103 1778 3169 Graecorum
1798 3108 1918 3171 ltaliae
1938 3128 1999 3171 an·

246 3230 514 3311 tiquissimcrum
534 3224 713 3311 alphabeta
733 3226 865 3302 attinet,
888 3221 930 3287 de
952 3223 1072 3307 quibus
1100 3225 1137 3285 in
1157 3223 1225 3287 fine
1246 3223 1345 3305 hujus
1366 3227 1478 3308 operis
1498 3225 1678 3313 singularis
1698 3244 1810 3289 sermo
1830 3229 1910 3308 crit,
1941 3228 2003 3291 hic

247 3350 382 3411 nonnisi
413 3343 502 3409 illud
529 3364 661 3421 moneo,
698 3362 763 3421 mc,
795 3364 900 3425 quum
923 3342 1022 3405 Oscae
1044 3343 1160 3405 literas
1181 3341 1306 3404 Latino
1327 3343 1489 3405 Bantinae
1510 3344 1643 3407 tabulae
1664 3343 1841 3430 alphabeto
1861 3343 2005 3431 adapta-

247 3486 331 3544 rem‚
354 3484 409 3527 eas
429 3465 558 3543 literas,
581 3482 665 3547 qnae
687 3462 824 3525 Graecis
845 3463 1003 3548 propriae
1025 3464 1174 3541 luerunt,
1200 3471 1296 3525 extra
1317 3462 1483 3547 alphabeti
1504 3461 1658 3526 ordinem
1678 3466 1714 3525 in
1735 3464 1799 3529 line
1819 3463 2002 3545 adjecisse,

247 3604 454 3669 quaequam
474 3582 632 3645 differant
652 3604 716 3645 usu
737 3602 757 3643 a
777 3583 909 3645 Latinis
930 3581 1052 3661 literis,
1085 3581 1207 3665 quibus
1228 3582 1399 3665 appositae
1419 3590 1508 3660 sunt,
1540 3600 1608 3643 non
1629 3582 1714 3645 latet
1733 3584 1910 3647 literarum
1931 3582 2004 3647 llo-

248 3723 422 3766 manarum
445 3700 720 3783 Graecorumque
741 3720 873 3787 gnaros.
916 3698 1003 3763 Sunt
1022 3709 1135 3765 autem
1155 3700 1257 3785 plura
1284 3697 1431 3764 notanda
1458 3707 1493 3764 et
1514 3698 1556 3763 de
1575 3701 1693 3789 figuris
1718 3711 1753 3765 et
1779 3700 1820 3767 de
1844 3721 2006 3785 pronun-

247 3823 388 3885 tiatione
409 3820 590 3887 literarum
611 3822 782 3887 Oscarum.

857 4044 895 4117 1.
944 4040 1007 4119 De
1031 4038 1225 4127 literarum
1248 4038 1396 4141 figaris.

416 4176 580 4238 Oscorum
605 4176 785 4239 literarum
813 4195 832 4238 e
853 4174 974 4239 Tuscis
1004 4178 1171 4264 originem
1197 4197 1265 4238 non
1292 4178 1403 4240 solum
1432 4174 1520 4239 illud
1545 4185 1700 4253 testatur,
1729 4174 1820 4261 quod
1839 4192 1861 4235 a
1879 4172 2003 4239 dextra

249 4292 291 4357 ad
312 4295 483 4358 sinistram
503 4295 712 4375 scribuntur,
735 4292 793 4357 sed
814 4294 921 4359 multo
944 4298 1050 4381 magis
1070 4295 1147 4373 hoe,
1168 4294 1259 4380 quod
1280 4296 1427 4361 literaO
1446 4293 1630 4381 supplenda
1650 4298 1840 4381 luitperto
1860 4302 2005 4381 puncta-

249 4423 331 4477 tum.
375 4411 421 4477 At
444 4415 536 4476 inter
556 4413 701 4477 Tuscam
724 4412 909 4496 Oscamqne
937 4412 1070 4501 linguas
1098 4424 1190 4477 tanta
1217 4417 1284 4477 suit
1310 4414 1547 4499 discrepantia,
1572 4426 1611 4477 ut
1631 4423 1666 4478 et
1685 4414 1857 4479 sibilantes
1878 4417 2003 4479 literae

249 4542 384 4616 praeter
403 4552 505 4594 unam
526 4552 543 4596 s
564 4543 598 4595 et
618 4534 783 4617 aspiratae
805 4542 1021 4595 consonantes
1042 4543 1178 4616 praeter
1199 4533 1221 4597 d
1242 4542 1277 4597 et
1296 4533 1319 4611 ἰ
1336 4531 1553 4615 abjiciendae,
1579 4530 1708 4595 mediae
1734 4542 1853 4597 contra
1878 4534 2004 4597 literae

250 4650 282 4729 b,
302 4671 340 4734 g,
362 4650 395 4729 d,
417 4672 436 4713 a
458 4648 595 4714 Graecis
616 4649 819 4714 mutuandas
852 4660 969 4713 essent.
1023 4650 1077 4713 Ne
1108 4654 1197 4714 enim
1218 4652 1340 4715 harum
1367 4654 1535 4738 originem
1562 4671 1583 4714 a
1603 4650 1762 4714 Romanis
1784 4650 2003 4729 deducamus,

249 4765 418 4833 dissuadet
437 4780 573 4855 praeter
594 4769 757 4834 Graecam
779 4789 930 4856 gammae
950 4770 1093 4856 figuram
1114 4779 1215 4854 atque
1235 4771 1555 4855 pronuntiationem,
1580 4790 1680 4853 qnam
1694 4780 1882 4859 gemmatus
1902 4772 2005 4835 limes

249 4887 337 4971 apud
357 4890 601 4979 agrimensores
622 4898 776 4965 testatur,
797 4888 975 4953 literarum
994 4889 1019 4953 d
1037 4898 1072 4953 et
1093 4909 1112 4952 r
1130 4891 1222 4954 inter
1243 4890 1347 4953 Oscos
1367 4899 1402 4954 et
1420 4890 1585 4954 Romanos
1606 4887 1807 4955 dii·'ercntie.
