<?xml version="1.0" encoding="UTF-8"?>
<!DOCTYPE html PUBLIC "-//W3C//DTD XHTML 1.0 Transitional//EN"
    "http://www.w3.org/TR/xhtml1/DTD/xhtml1-transitional.dtd">
<html xmlns="http://www.w3.org/1999/xhtml" xml:lang="en" lang="en">
 <head>
  <title>
</title>
<meta http-equiv="Content-Type" content="text/html;charset=utf-8" />
  <meta name='ocr-system' content='tesseract 3.04.00' />
  <meta name='ocr-capabilities' content='ocr_page ocr_carea ocr_par ocr_line ocrx_word'/>
</head>
<body>
  <div class='ocr_page' id='page_1' title='image "./rudimentalingua00grotgoog_0109.png"; bbox 0 0 4244 5722; ppageno 0'>
   <div class='ocr_carea' id='block_1_1' title="bbox 593 728 1745 1190">
    <p class='ocr_par' dir='ltr' id='par_1_1' title="bbox 593 728 1745 1190">
     <span class='ocr_line' id='line_1_1' title="bbox 637 728 1484 835; baseline 0.005 -29"><span class='ocrx_word' id='word_1_1' title='bbox 637 745 833 807; x_wconf 65' lang='lat' dir='ltr'><strong>Extrema</strong></span> <span class='ocrx_word' id='word_1_2' title='bbox 852 728 1055 830; x_wconf 69' lang='lat' dir='ltr'><strong>s-aplimaa</strong></span> <span class='ocrx_word' id='word_1_3' title='bbox 1074 746 1432 835; x_wconf 66' lang='lat' dir='ltr'><strong>tabulas-pagina.</strong></span> <span class='ocrx_word' id='word_1_4' title='bbox 1459 798 1484 823; x_wconf 78' lang='grc'><strong>.,</strong></span> 
     </span>
     <span class='ocr_line' id='line_1_2' title="bbox 594 863 1437 947; baseline 0.001 -23"><span class='ocrx_word' id='word_1_5' title='bbox 594 864 665 925; x_wconf 85' lang='lat' dir='ltr'><strong>Pisi</strong></span> <span class='ocrx_word' id='word_1_6' title='bbox 685 865 831 947; x_wconf 86' lang='lat' dir='ltr'><strong>panupei</strong></span> <span class='ocrx_word' id='word_1_7' title='bbox 851 863 994 929; x_wconf 77' lang='lat' dir='ltr'><strong>ntum</strong></span> <span class='ocrx_word' id='word_1_8' title='bbox 1013 863 1146 929; x_wconf 75' lang='lat' dir='ltr'><strong>isitrua</strong></span> <span class='ocrx_word' id='word_1_9' title='bbox 1160 865 1336 930; x_wconf 66' lang='lat' dir='ltr'><strong>neuneu</strong></span> <span class='ocrx_word' id='word_1_10' title='bbox 1349 867 1437 945; x_wconf 57' lang='lat' dir='ltr'><strong>inat.</strong></span> 
     </span>
     <span class='ocr_line' id='line_1_3' title="bbox 596 981 1745 1068; baseline 0.003 -25"><span class='ocrx_word' id='word_1_11' title='bbox 596 981 683 1045; x_wconf 85' lang='lat' dir='ltr'><strong>Erec</strong></span> <span class='ocrx_word' id='word_1_12' title='bbox 702 985 801 1047; x_wconf 72' lang='lat' dir='ltr'><strong>svesa</strong></span> <span class='ocrx_word' id='word_1_13' title='bbox 821 983 999 1047; x_wconf 63' lang='lat' dir='ltr'><strong>naucum</strong></span> <span class='ocrx_word' id='word_1_14' title='bbox 1019 984 1153 1068; x_wconf 78' lang='lat' dir='ltr'><strong>portaia</strong></span> <span class='ocrx_word' id='word_1_15' title='bbox 1173 984 1312 1048; x_wconf 75' lang='lat' dir='ltr'><strong>seviens</strong></span> <span class='ocrx_word' id='word_1_16' title='bbox 1366 1026 1370 1033; x_wconf 89' lang='lat'><em>-</em></span> <span class='ocrx_word' id='word_1_17' title='bbox 1449 992 1453 997; x_wconf 86' lang='lat'>&#39;</span> <span class='ocrx_word' id='word_1_18' title='bbox 1742 1042 1745 1047; x_wconf 92' lang='lat'>.</span> 
     </span>
     <span class='ocr_line' id='line_1_4' title="bbox 593 1095 1715 1190; baseline 0.006 -29"><span class='ocrx_word' id='word_1_19' title='bbox 593 1100 749 1163; x_wconf 83' lang='lat' dir='ltr'><strong>Fratrem</strong></span> <span class='ocrx_word' id='word_1_20' title='bbox 769 1095 926 1167; x_wconf 74' lang='lat' dir='ltr'><strong>‘Aficrsio</strong></span> <span class='ocrx_word' id='word_1_21' title='bbox 946 1101 1117 1168; x_wconf 72' lang='lat' dir='ltr'><strong>desendul.</strong></span> <span class='ocrx_word' id='word_1_22' title='bbox 1159 1103 1221 1165; x_wconf 88' lang='lat' dir='ltr'><strong>Plfi</strong></span> <span class='ocrx_word' id='word_1_23' title='bbox 1241 1121 1343 1186; x_wconf 80' lang='lat' dir='ltr'><strong>repar</strong></span> <span class='ocrx_word' id='word_1_24' title='bbox 1363 1098 1531 1183; x_wconf 66' lang='lat' dir='ltr'><strong>[naasson]</strong></span> <span class='ocrx_word' id='word_1_25' title='bbox 1553 1105 1634 1190; x_wconf 78' lang='lat' dir='ltr'><strong>pdrs</strong></span> <span class='ocrx_word' id='word_1_26' title='bbox 1652 1116 1715 1183; x_wconf 76' lang='lat' dir='ltr'><strong>cst,</strong></span> 
     </span>
    </p>
   </div>
   <div class='ocr_carea' id='block_1_2' title="bbox 185 1217 1920 1898">
    <p class='ocr_par' dir='ltr' id='par_1_2' title="bbox 185 1217 1920 1898">
     <span class='ocr_line' id='line_1_5' title="bbox 595 1217 1463 1309; baseline 0.007 -30"><span class='ocrx_word' id='word_1_27' title='bbox 595 1217 698 1282; x_wconf 87' lang='lat' dir='ltr'><strong>Erom</strong></span> <span class='ocrx_word' id='word_1_28' title='bbox 720 1219 833 1283; x_wconf 72' lang='lat' dir='ltr'><strong>thiato</strong></span> <span class='ocrx_word' id='word_1_29' title='bbox 854 1222 962 1305; x_wconf 77' lang='lat' dir='ltr'><strong>ponne</strong></span> <span class='ocrx_word' id='word_1_30' title='bbox 983 1223 1125 1309; x_wconf 76' lang='lat' dir='ltr'><strong>ive&#39;ngar</strong></span> <span class='ocrx_word' id='word_1_31' title='bbox 1144 1218 1322 1284; x_wconf 76' lang='lat' dir='ltr'><strong>tussiendo</strong></span> <span class='ocrx_word' id='word_1_32' title='bbox 1343 1220 1463 1285; x_wconf 76' lang='lat' dir='ltr'><strong>hertei.</strong></span> 
     </span>
     <span class='ocr_line' id='line_1_6' title="bbox 443 1335 1528 1423; baseline -0.005 -21"><span class='ocrx_word' id='word_1_33' title='bbox 443 1384 447 1391; x_wconf 84' lang='grc'><strong>-</strong></span> <span class='ocrx_word' id='word_1_34' title='bbox 541 1337 573 1402; x_wconf 86' lang='grc'><strong>5.</strong></span> <span class='ocrx_word' id='word_1_35' title='bbox 595 1335 705 1421; x_wconf 76' lang='lat' dir='ltr'><strong>Appei</strong></span> <span class='ocrx_word' id='word_1_36' title='bbox 725 1339 875 1402; x_wconf 76' lang='lat' dir='ltr'><strong>drfertnr</strong></span> <span class='ocrx_word' id='word_1_37' title='bbox 895 1339 1043 1403; x_wconf 74' lang='lat' dir='ltr'><strong>Atiersir</strong></span> <span class='ocrx_word' id='word_1_38' title='bbox 1063 1340 1199 1423; x_wconf 81' lang='lat' dir='ltr'><strong>pdplom</strong></span> <span class='ocrx_word' id='word_1_39' title='bbox 1218 1337 1359 1402; x_wconf 75' lang='lat' dir='ltr'><strong>andersd</strong></span> <span class='ocrx_word' id='word_1_40' title='bbox 1378 1343 1457 1419; x_wconf 79' lang='lat' dir='ltr'><strong>sust,</strong></span> <span class='ocrx_word' id='word_1_41' title='bbox 1524 1392 1528 1397; x_wconf 92' lang='lat'>.</span> 
     </span>
     <span class='ocr_line' id='line_1_7' title="bbox 597 1453 1515 1541; baseline 0.002 -24"><span class='ocrx_word' id='word_1_42' title='bbox 597 1453 666 1519; x_wconf 86' lang='lat' dir='ltr'><strong>Sve</strong></span> <span class='ocrx_word' id='word_1_43' title='bbox 685 1460 766 1541; x_wconf 78' lang='lat' dir='ltr'><strong>ueip</strong></span> <span class='ocrx_word' id='word_1_44' title='bbox 787 1464 923 1539; x_wconf 82' lang='lat' dir='ltr'><strong>portust</strong></span> <span class='ocrx_word' id='word_1_45' title='bbox 941 1460 1043 1537; x_wconf 78' lang='lat' dir='ltr'><strong>issoc,</strong></span> <span class='ocrx_word' id='word_1_46' title='bbox 1063 1458 1156 1540; x_wconf 71' lang='lat' dir='ltr'><strong>pulsai</strong></span> <span class='ocrx_word' id='word_1_47' title='bbox 1175 1456 1278 1521; x_wconf 86' lang='lat' dir='ltr'><strong>snbra</strong></span> <span class='ocrx_word' id='word_1_48' title='bbox 1295 1456 1432 1521; x_wconf 79' lang='lat' dir='ltr'><strong>scrdhto</strong></span> <span class='ocrx_word' id='word_1_49' title='bbox 1455 1466 1515 1536; x_wconf 87' lang='lat' dir='ltr'><strong>est,</strong></span> 
     </span>
     <span class='ocr_line' id='line_1_8' title="bbox 598 1568 1757 1663; baseline 0.002 -29"><span class='ocrx_word' id='word_1_50' title='bbox 598 1573 750 1639; x_wconf 84' lang='lat' dir='ltr'><strong>Fratre&#39;ci</strong></span> <span class='ocrx_word' id='word_1_51' title='bbox 769 1583 879 1638; x_wconf 77' lang='lat' dir='ltr'><strong>motas</strong></span> <span class='ocrx_word' id='word_1_52' title='bbox 898 1578 977 1640; x_wconf 78' lang='lat' dir='ltr'><strong>ains.</strong></span> <span class='ocrx_word' id='word_1_53' title='bbox 998 1576 1039 1639; x_wconf 81' lang='lat' dir='ltr'><strong>A.</strong></span> <span class='ocrx_word' id='word_1_54' title='bbox 1061 1573 1153 1642; x_wconf 94' lang='grc'><strong>000.</strong></span> <span class='ocrx_word' id='word_1_55' title='bbox 1175 1575 1210 1639; x_wconf 84' lang='lat' dir='ltr'><strong>h.</strong></span> <span class='ocrx_word' id='word_1_56' title='bbox 1231 1596 1258 1639; x_wconf 87' lang='lat' dir='ltr'><strong>e.</strong></span> <span class='ocrx_word' id='word_1_57' title='bbox 1280 1568 1348 1641; x_wconf 72' lang='grc' dir='ltr'><strong>ἔτει</strong></span> <span class='ocrx_word' id='word_1_58' title='bbox 1367 1574 1621 1663; x_wconf 76' lang='grc' dir='ltr'><strong>τριακοσιοστῷ.</strong></span> <span class='ocrx_word' id='word_1_59' title='bbox 1752 1602 1757 1613; x_wconf 91' lang='grc'><em>·</em></span> 
     </span>
     <span class='ocr_line' id='line_1_9' title="bbox 348 1691 1920 1780; baseline 0.004 -26"><span class='ocrx_word' id='word_1_60' title='bbox 348 1691 400 1757; x_wconf 82' lang='lat'><strong>19.</strong></span> <span class='ocrx_word' id='word_1_61' title='bbox 429 1691 553 1754; x_wconf 91' lang='lat' dir='ltr'><strong>Incisio</strong></span> <span class='ocrx_word' id='word_1_62' title='bbox 570 1710 741 1773; x_wconf 82' lang='lat' dir='ltr'><strong>versuum,</strong></span> <span class='ocrx_word' id='word_1_63' title='bbox 762 1697 965 1778; x_wconf 78' lang='lat' dir='ltr'><strong>quae-samel</strong></span> <span class='ocrx_word' id='word_1_64' title='bbox 980 1716 1014 1759; x_wconf 83' lang='lat' dir='ltr'><strong>v.</strong></span> <span class='ocrx_word' id='word_1_65' title='bbox 1035 1697 1085 1759; x_wconf 83' lang='lat'><strong>15.</strong></span> <span class='ocrx_word' id='word_1_66' title='bbox 1098 1696 1136 1756; x_wconf 90' lang='lat' dir='ltr'><strong>in</strong></span> <span class='ocrx_word' id='word_1_67' title='bbox 1153 1696 1297 1759; x_wconf 68' lang='lat' dir='ltr'><strong>verbum</strong></span> <span class='ocrx_word' id='word_1_68' title='bbox 1312 1696 1533 1777; x_wconf 86' lang='lat' dir='ltr'><strong>compositum</strong></span> <span class='ocrx_word' id='word_1_69' title='bbox 1553 1692 1689 1773; x_wconf 86' lang='lat' dir='ltr'><strong>incidit,</strong></span> <span class='ocrx_word' id='word_1_70' title='bbox 1718 1693 1846 1780; x_wconf 78' lang='lat' dir='ltr'>duplex</span> <span class='ocrx_word' id='word_1_71' title='bbox 1861 1706 1920 1771; x_wconf 77' lang='lat' dir='ltr'><strong>eat,</strong></span> 
     </span>
     <span class='ocr_line' id='line_1_10' title="bbox 185 1810 1920 1898; baseline 0.001 -19"><span class='ocrx_word' id='word_1_72' title='bbox 185 1825 219 1881; x_wconf 90' lang='lat' dir='ltr'><strong>et</strong></span> <span class='ocrx_word' id='word_1_73' title='bbox 240 1822 317 1898; x_wconf 88' lang='lat' dir='ltr'><strong>post</strong></span> <span class='ocrx_word' id='word_1_74' title='bbox 336 1810 472 1874; x_wconf 85' lang='lat' dir='ltr'><strong>tertiam</strong></span> <span class='ocrx_word' id='word_1_75' title='bbox 493 1813 584 1873; x_wconf 84' lang='lat' dir='ltr'><strong>arsin</strong></span> <span class='ocrx_word' id='word_1_76' title='bbox 605 1819 737 1894; x_wconf 85' lang='lat' dir='ltr'><strong>etpost</strong></span> <span class='ocrx_word' id='word_1_77' title='bbox 756 1821 948 1894; x_wconf 83' lang='lat' dir='ltr'><strong>sequentem</strong></span> <span class='ocrx_word' id='word_1_78' title='bbox 967 1813 1085 1877; x_wconf 77' lang='lat' dir='ltr'><strong>thesin</strong></span> <span class='ocrx_word' id='word_1_79' title='bbox 1128 1811 1291 1896; x_wconf 73' lang='lat' dir='ltr'><strong>spondeis</strong></span> <span class='ocrx_word' id='word_1_80' title='bbox 1312 1832 1389 1875; x_wconf 88' lang='lat' dir='ltr'><strong>cum</strong></span> <span class='ocrx_word' id='word_1_81' title='bbox 1409 1815 1446 1874; x_wconf 91' lang='lat' dir='ltr'><strong>in</strong></span> <span class='ocrx_word' id='word_1_82' title='bbox 1467 1814 1592 1896; x_wconf 88' lang='lat' dir='ltr'><strong>prima,</strong></span> <span class='ocrx_word' id='word_1_83' title='bbox 1619 1821 1692 1875; x_wconf 84' lang='lat' dir='ltr'><strong>tuna</strong></span> <span class='ocrx_word' id='word_1_84' title='bbox 1712 1815 1752 1875; x_wconf 89' lang='lat' dir='ltr'><strong>in</strong></span> <span class='ocrx_word' id='word_1_85' title='bbox 1771 1814 1920 1881; x_wconf 80' lang='lat' dir='ltr'><strong>secunda</strong></span> 
     </span>
    </p>
   </div>
   <div class='ocr_carea' id='block_1_3' title="bbox 73 1929 1920 2018">
    <p class='ocr_par' dir='ltr' id='par_1_3' title="bbox 73 1929 1920 2018">
     <span class='ocr_line' id='line_1_11' title="bbox 73 1929 1920 2018; baseline -0.001 -18"><span class='ocrx_word' id='word_1_86' title='bbox 73 1947 79 1963; x_wconf 85' lang='lat'><strong>·</strong></span> <span class='ocrx_word' id='word_1_87' title='bbox 183 1933 313 2018; x_wconf 76' lang='lat' dir='ltr'><strong>syllaba</strong></span> <span class='ocrx_word' id='word_1_88' title='bbox 334 1932 419 1993; x_wconf 81' lang='lat' dir='ltr'><strong>ansis</strong></span> <span class='ocrx_word' id='word_1_89' title='bbox 440 1929 613 1991; x_wconf 64' lang='lat' dir='ltr'><strong>convenite</strong></span> <span class='ocrx_word' id='word_1_90' title='bbox 640 1929 720 1991; x_wconf 89' lang='lat' dir='ltr'><strong>hinc</strong></span> <span class='ocrx_word' id='word_1_91' title='bbox 741 1933 829 1994; x_wconf 74' lang='lat' dir='ltr'><strong>este</strong></span> <span class='ocrx_word' id='word_1_92' title='bbox 848 1932 1017 2016; x_wconf 82' lang='lat' dir='ltr'><strong>perscld</strong></span> <span class='ocrx_word' id='word_1_93' title='bbox 1038 1951 1101 2015; x_wconf 81' lang='lat' dir='ltr'><strong>pro</strong></span> <span class='ocrx_word' id='word_1_94' title='bbox 1122 1934 1211 1997; x_wconf 72' lang='lat' dir='ltr'><strong>data</strong></span> <span class='ocrx_word' id='word_1_95' title='bbox 1230 1932 1395 2016; x_wconf 73' lang='lat' dir='ltr'><strong>peracto</strong></span> <span class='ocrx_word' id='word_1_96' title='bbox 1416 1934 1532 1994; x_wconf 86' lang='lat' dir='ltr'><strong>metiri</strong></span> <span class='ocrx_word' id='word_1_97' title='bbox 1550 1938 1709 2016; x_wconf 82' lang='lat' dir='ltr'><strong>poterant</strong></span> <span class='ocrx_word' id='word_1_98' title='bbox 1728 1930 1858 2014; x_wconf 80' lang='lat' dir='ltr'><strong>Umbri,</strong></span> <span class='ocrx_word' id='word_1_99' title='bbox 1876 1943 1920 1999; x_wconf 89' lang='lat' dir='ltr'><strong>ut</strong></span> 
     </span>
    </p>
   </div>
   <div class='ocr_carea' id='block_1_4' title="bbox 150 2044 1927 4851">
    <p class='ocr_par' dir='ltr' id='par_1_4' title="bbox 150 2044 1924 4121">
     <span class='ocr_line' id='line_1_12' title="bbox 150 2044 1918 2133; baseline 0.005 -24"><span class='ocrx_word' id='word_1_100' title='bbox 150 2104 153 2109; x_wconf 88' lang='lat'>.</span> <span class='ocrx_word' id='word_1_101' title='bbox 184 2047 471 2131; x_wconf 73' lang='lat' dir='ltr'><strong>v.5et8.parla</strong></span> <span class='ocrx_word' id='word_1_102' title='bbox 491 2044 640 2111; x_wconf 76' lang='lat' dir='ltr'><strong>dersvd</strong></span> <span class='ocrx_word' id='word_1_103' title='bbox 667 2049 872 2132; x_wconf 73' lang='lat' dir='ltr'><strong>propdrfa</strong></span> <span class='ocrx_word' id='word_1_104' title='bbox 893 2050 1053 2115; x_wconf 73' lang='lat' dir='ltr'><strong>derasa.</strong></span> <span class='ocrx_word' id='word_1_105' title='bbox 1086 2051 1326 2114; x_wconf 78' lang='lat' dir='ltr'><strong>Verumtamen</strong></span> <span class='ocrx_word' id='word_1_106' title='bbox 1343 2052 1381 2112; x_wconf 86' lang='lat' dir='ltr'><strong>in</strong></span> <span class='ocrx_word' id='word_1_107' title='bbox 1395 2051 1618 2115; x_wconf 83' lang='lat' dir='ltr'><strong>verbiscsta</strong></span> <span class='ocrx_word' id='word_1_108' title='bbox 1640 2051 1806 2133; x_wconf 74' lang='lat' dir='ltr'><strong>pareclo</strong></span> <span class='ocrx_word' id='word_1_109' title='bbox 1825 2070 1918 2117; x_wconf 68' lang='lat' dir='ltr'><strong>moa·</strong></span> 
     </span>
     <span class='ocr_line' id='line_1_13' title="bbox 184 2167 1918 2254; baseline -0.001 -19"><span class='ocrx_word' id='word_1_110' title='bbox 184 2172 237 2235; x_wconf 91' lang='lat' dir='ltr'><strong>dit</strong></span> <span class='ocrx_word' id='word_1_111' title='bbox 247 2168 293 2242; x_wconf 91' lang='lat' dir='ltr'><strong>id,</strong></span> <span class='ocrx_word' id='word_1_112' title='bbox 315 2167 403 2251; x_wconf 89' lang='lat' dir='ltr'><strong>quod</strong></span> <span class='ocrx_word' id='word_1_113' title='bbox 413 2169 449 2228; x_wconf 86' lang='lat' dir='ltr'><strong>in</strong></span> <span class='ocrx_word' id='word_1_114' title='bbox 461 2186 538 2228; x_wconf 85' lang='lat' dir='ltr'><strong>casu</strong></span> <span class='ocrx_word' id='word_1_115' title='bbox 549 2167 645 2228; x_wconf 92' lang='lat' dir='ltr'><strong>locali</strong></span> <span class='ocrx_word' id='word_1_116' title='bbox 656 2187 682 2230; x_wconf 89' lang='lat' dir='ltr'><strong>s.</strong></span> <span class='ocrx_word' id='word_1_117' title='bbox 695 2167 874 2249; x_wconf 86' lang='lat' dir='ltr'><strong>temporali</strong></span> <span class='ocrx_word' id='word_1_118' title='bbox 892 2186 955 2250; x_wconf 77' lang='lat' dir='ltr'><strong>pro</strong></span> <span class='ocrx_word' id='word_1_119' title='bbox 978 2170 1136 2231; x_wconf 73' lang='lat' dir='ltr'><strong>estense</strong></span> <span class='ocrx_word' id='word_1_120' title='bbox 1157 2169 1396 2254; x_wconf 36' lang='lat' dir='ltr'><strong>pess&#39;cldme</strong></span> <span class='ocrx_word' id='word_1_121' title='bbox 1417 2170 1544 2251; x_wconf 78' lang='lat' dir='ltr'><strong>scripta</strong></span> <span class='ocrx_word' id='word_1_122' title='bbox 1554 2177 1640 2247; x_wconf 83' lang='lat' dir='ltr'><strong>sunt,</strong></span> <span class='ocrx_word' id='word_1_123' title='bbox 1663 2178 1702 2232; x_wconf 92' lang='lat' dir='ltr'><strong>ut</strong></span> <span class='ocrx_word' id='word_1_124' title='bbox 1711 2190 1745 2235; x_wconf 89' lang='lat' dir='ltr'><strong>v.</strong></span> <span class='ocrx_word' id='word_1_125' title='bbox 1761 2172 1811 2235; x_wconf 86' lang='lat'><strong>1⁰.</strong></span> <span class='ocrx_word' id='word_1_126' title='bbox 1829 2179 1918 2233; x_wconf 88' lang='lat' dir='ltr'><strong>tote</strong></span> 
     </span>
     <span class='ocr_line' id='line_1_14' title="bbox 186 2282 1917 2370; baseline -0.003 -18"><span class='ocrx_word' id='word_1_127' title='bbox 186 2289 380 2370; x_wconf 83' lang='lat' dir='ltr'><strong>ljoveine</strong></span> <span class='ocrx_word' id='word_1_128' title='bbox 408 2303 471 2365; x_wconf 86' lang='lat' dir='ltr'><strong>pro</strong></span> <span class='ocrx_word' id='word_1_129' title='bbox 503 2285 663 2346; x_wconf 76' lang='lat' dir='ltr'><strong>totemo</strong></span> <span class='ocrx_word' id='word_1_130' title='bbox 693 2282 971 2365; x_wconf 74' lang='lat' dir='ltr'><strong>ljoveineme,</strong></span> <span class='ocrx_word' id='word_1_131' title='bbox 1013 2284 1101 2351; x_wconf 84' lang='lat' dir='ltr'><strong>unde</strong></span> <span class='ocrx_word' id='word_1_132' title='bbox 1129 2286 1240 2349; x_wconf 85' lang='lat' dir='ltr'><strong>hiatus</strong></span> <span class='ocrx_word' id='word_1_133' title='bbox 1260 2306 1391 2369; x_wconf 78' lang='lat' dir='ltr'><strong>quoque</strong></span> <span class='ocrx_word' id='word_1_134' title='bbox 1411 2288 1448 2347; x_wconf 92' lang='lat' dir='ltr'><strong>in</strong></span> <span class='ocrx_word' id='word_1_135' title='bbox 1468 2285 1521 2349; x_wconf 81' lang='lat' dir='ltr'><strong>bin</strong></span> <span class='ocrx_word' id='word_1_136' title='bbox 1540 2288 1681 2351; x_wconf 82' lang='lat' dir='ltr'><strong>vocibus</strong></span> <span class='ocrx_word' id='word_1_137' title='bbox 1703 2297 1917 2351; x_wconf 73' lang='lat' dir='ltr'>excusantur.</span> 
     </span>
     <span class='ocr_line' id='line_1_15' title="bbox 186 2401 1920 2492; baseline -0.001 -22"><span class='ocrx_word' id='word_1_138' title='bbox 186 2409 264 2470; x_wconf 79' lang='lat' dir='ltr'><strong>Alia</strong></span> <span class='ocrx_word' id='word_1_139' title='bbox 283 2406 394 2468; x_wconf 80' lang='lat' dir='ltr'><strong>hiatus</strong></span> <span class='ocrx_word' id='word_1_140' title='bbox 416 2422 514 2464; x_wconf 90' lang='lat' dir='ltr'><strong>causa</strong></span> <span class='ocrx_word' id='word_1_141' title='bbox 534 2402 618 2464; x_wconf 85' lang='lat' dir='ltr'><strong>latet</strong></span> <span class='ocrx_word' id='word_1_142' title='bbox 638 2404 675 2463; x_wconf 90' lang='lat' dir='ltr'><strong>in</strong></span> <span class='ocrx_word' id='word_1_143' title='bbox 695 2402 844 2466; x_wconf 87' lang='lat' dir='ltr'><strong>ablativo</strong></span> <span class='ocrx_word' id='word_1_144' title='bbox 863 2405 995 2492; x_wconf 72' lang='lat' dir='ltr'><strong>angla,</strong></span> <span class='ocrx_word' id='word_1_145' title='bbox 1016 2402 1054 2467; x_wconf 92' lang='lat' dir='ltr'><strong>id</strong></span> <span class='ocrx_word' id='word_1_146' title='bbox 1070 2401 1159 2487; x_wconf 89' lang='lat' dir='ltr'><strong>quod</strong></span> <span class='ocrx_word' id='word_1_147' title='bbox 1178 2406 1215 2465; x_wconf 91' lang='lat' dir='ltr'><strong>in</strong></span> <span class='ocrx_word' id='word_1_148' title='bbox 1232 2403 1437 2487; x_wconf 73' lang='lat' dir='ltr'><strong>adjectivum</strong></span> <span class='ocrx_word' id='word_1_149' title='bbox 1456 2406 1617 2468; x_wconf 85' lang='lat' dir='ltr'><strong>me&#39;rsta</strong></span> <span class='ocrx_word' id='word_1_150' title='bbox 1637 2428 1671 2471; x_wconf 86' lang='lat' dir='ltr'><strong>v.</strong></span> <span class='ocrx_word' id='word_1_151' title='bbox 1683 2407 1715 2472; x_wconf 88' lang='grc'><strong>6.</strong></span> <span class='ocrx_word' id='word_1_152' title='bbox 1728 2426 1858 2491; x_wconf 78' lang='lat' dir='ltr'><strong>quoque</strong></span> <span class='ocrx_word' id='word_1_153' title='bbox 1868 2424 1920 2469; x_wconf 84' lang='lat' dir='ltr'><strong>ca·</strong></span> 
     </span>
     <span class='ocr_line' id='line_1_16' title="bbox 187 2518 1921 2609; baseline -0.001 -21"><span class='ocrx_word' id='word_1_154' title='bbox 187 2525 254 2588; x_wconf 87' lang='lat' dir='ltr'><strong>dit:</strong></span> <span class='ocrx_word' id='word_1_155' title='bbox 277 2545 295 2586; x_wconf 87' lang='lat' dir='ltr'><strong>e</strong></span> <span class='ocrx_word' id='word_1_156' title='bbox 316 2541 421 2585; x_wconf 81' lang='lat' dir='ltr'><strong>versu</strong></span> <span class='ocrx_word' id='word_1_157' title='bbox 441 2521 471 2583; x_wconf 85' lang='lat'><strong>9.</strong></span> <span class='ocrx_word' id='word_1_158' title='bbox 494 2522 583 2581; x_wconf 91' lang='lat' dir='ltr'><strong>enim</strong></span> <span class='ocrx_word' id='word_1_159' title='bbox 603 2518 780 2600; x_wconf 86' lang='lat' dir='ltr'><strong>discimus,</strong></span> <span class='ocrx_word' id='word_1_160' title='bbox 812 2524 990 2584; x_wconf 83' lang='lat' dir='ltr'><strong>merstal</strong></span> <span class='ocrx_word' id='word_1_161' title='bbox 1016 2523 1170 2609; x_wconf 77' lang='lat' dir='ltr'><strong>anglos</strong></span> <span class='ocrx_word' id='word_1_162' title='bbox 1193 2521 1261 2585; x_wconf 91' lang='lat' dir='ltr'><strong>dici</strong></span> <span class='ocrx_word' id='word_1_163' title='bbox 1283 2522 1447 2587; x_wconf 85' lang='lat' dir='ltr'><strong>debuisse.</strong></span> <span class='ocrx_word' id='word_1_164' title='bbox 1492 2521 1651 2586; x_wconf 81' lang='lat' dir='ltr'><strong>Ceterum</strong></span> <span class='ocrx_word' id='word_1_165' title='bbox 1676 2532 1824 2608; x_wconf 62' lang='lat' dir='ltr'><strong>proptu</strong></span> <span class='ocrx_word' id='word_1_166' title='bbox 1847 2544 1921 2587; x_wconf 89' lang='lat' dir='ltr'><strong>mu·</strong></span> 
     </span>
     <span class='ocr_line' id='line_1_17' title="bbox 186 2638 1919 2723; baseline 0 -17"><span class='ocrx_word' id='word_1_167' title='bbox 186 2652 292 2707; x_wconf 90' lang='lat' dir='ltr'><strong>tatam</strong></span> <span class='ocrx_word' id='word_1_168' title='bbox 313 2638 537 2723; x_wconf 85' lang='lat' dir='ltr'><strong>spondcorum</strong></span> <span class='ocrx_word' id='word_1_169' title='bbox 556 2641 650 2699; x_wconf 84' lang='lat' dir='ltr'><strong>arsin</strong></span> <span class='ocrx_word' id='word_1_170' title='bbox 669 2657 702 2703; x_wconf 84' lang='lat' dir='ltr'><strong>v.</strong></span> <span class='ocrx_word' id='word_1_171' title='bbox 726 2643 775 2705; x_wconf 83' lang='grc'><strong>14.</strong></span> <span class='ocrx_word' id='word_1_172' title='bbox 807 2641 1089 2715; x_wconf 69' lang='lat' dir='ltr'><strong>anseriatobn)</strong></span> <span class='ocrx_word' id='word_1_173' title='bbox 1125 2642 1213 2702; x_wconf 81' lang='lat' dir='ltr'><strong>inst</strong></span> <span class='ocrx_word' id='word_1_174' title='bbox 1242 2658 1304 2723; x_wconf 84' lang='lat' dir='ltr'><strong>pro</strong></span> <span class='ocrx_word' id='word_1_175' title='bbox 1334 2640 1593 2719; x_wconf 71' lang='lat' dir='ltr'><strong>assriatolm)</strong></span> <span class='ocrx_word' id='word_1_176' title='bbox 1616 2652 1680 2707; x_wconf 83' lang='lat' dir='ltr'><strong>ast</strong></span> <span class='ocrx_word' id='word_1_177' title='bbox 1699 2662 1733 2708; x_wconf 82' lang='lat' dir='ltr'><strong>v.</strong></span> <span class='ocrx_word' id='word_1_178' title='bbox 1746 2646 1789 2709; x_wconf 82' lang='lat'><strong>.3.</strong></span> <span class='ocrx_word' id='word_1_179' title='bbox 1812 2652 1847 2707; x_wconf 89' lang='lat' dir='ltr'><strong>et</strong></span> <span class='ocrx_word' id='word_1_180' title='bbox 1865 2644 1919 2707; x_wconf 79' lang='lat'><strong>12.</strong></span> 
     </span>
     <span class='ocr_line' id='line_1_18' title="bbox 186 2754 1921 2844; baseline -0.002 -17"><span class='ocrx_word' id='word_1_181' title='bbox 186 2757 399 2828; x_wconf 88' lang='lat' dir='ltr'><strong>scribendum</strong></span> <span class='ocrx_word' id='word_1_182' title='bbox 420 2759 495 2820; x_wconf 85' lang='lat' dir='ltr'><strong>fnit.</strong></span> <span class='ocrx_word' id='word_1_183' title='bbox 537 2756 677 2818; x_wconf 80' lang='lat' dir='ltr'><strong>Praeter</strong></span> <span class='ocrx_word' id='word_1_184' title='bbox 698 2760 823 2820; x_wconf 80' lang='lat' dir='ltr'><strong>formas</strong></span> <span class='ocrx_word' id='word_1_185' title='bbox 846 2754 1009 2838; x_wconf 88' lang='lat' dir='ltr'><strong>ejusmodi</strong></span> <span class='ocrx_word' id='word_1_186' title='bbox 1029 2757 1286 2840; x_wconf 77' lang='lat' dir='ltr'><strong>periphrasticos</strong></span> <span class='ocrx_word' id='word_1_187' title='bbox 1308 2758 1419 2822; x_wconf 90' lang='lat' dir='ltr'><strong>nullae</strong></span> <span class='ocrx_word' id='word_1_188' title='bbox 1440 2762 1594 2841; x_wconf 86' lang='lat' dir='ltr'><strong>passivae</strong></span> <span class='ocrx_word' id='word_1_189' title='bbox 1614 2762 1745 2844; x_wconf 79' lang='lat' dir='ltr'><strong>speciei-</strong></span> <span class='ocrx_word' id='word_1_190' title='bbox 1759 2761 1921 2825; x_wconf 59' lang='lat' dir='ltr'><strong>minues</strong></span> 
     </span>
     <span class='ocr_line' id='line_1_19' title="bbox 186 2866 1923 2967; baseline -0.001 -25"><span class='ocrx_word' id='word_1_191' title='bbox 186 2883 224 2942; x_wconf 89' lang='lat' dir='ltr'><strong>in</strong></span> <span class='ocrx_word' id='word_1_192' title='bbox 244 2878 395 2967; x_wconf 80' lang='lat' dir='ltr'><strong>Iguvinis</strong></span> <span class='ocrx_word' id='word_1_193' title='bbox 417 2875 536 2937; x_wconf 86' lang='lat' dir='ltr'><strong>tabulis</strong></span> <span class='ocrx_word' id='word_1_194' title='bbox 558 2874 730 2959; x_wconf 78' lang='lat' dir='ltr'><strong>leguntur,</strong></span> <span class='ocrx_word' id='word_1_195' title='bbox 750 2866 839 2939; x_wconf 86' lang='lat' dir='ltr'><strong>unde</strong></span> <span class='ocrx_word' id='word_1_196' title='bbox 859 2880 1059 2939; x_wconf 78' lang='lat' dir='ltr'><strong>arfastus</strong></span> <span class='ocrx_word' id='word_1_197' title='bbox 1078 2896 1110 2938; x_wconf 86' lang='lat' dir='ltr'><strong>v.</strong></span> <span class='ocrx_word' id='word_1_198' title='bbox 1132 2876 1164 2940; x_wconf 80' lang='lat'><strong>7.</strong></span> <span class='ocrx_word' id='word_1_199' title='bbox 1185 2884 1220 2939; x_wconf 85' lang='lat' dir='ltr'><strong>et</strong></span> <span class='ocrx_word' id='word_1_200' title='bbox 1241 2878 1354 2938; x_wconf 89' lang='lat' dir='ltr'><strong>omnia</strong></span> <span class='ocrx_word' id='word_1_201' title='bbox 1373 2877 1529 2940; x_wconf 82' lang='lat' dir='ltr'><strong>similiter</strong></span> <span class='ocrx_word' id='word_1_202' title='bbox 1550 2879 1738 2942; x_wconf 84' lang='lat' dir='ltr'><strong>desinentia</strong></span> <span class='ocrx_word' id='word_1_203' title='bbox 1754 2879 1923 2943; x_wconf 75' lang='lat' dir='ltr'><strong>vocabule</strong></span> 
     </span>
     <span class='ocr_line' id='line_1_20' title="bbox 185 2991 1920 3081; baseline 0 -22"><span class='ocrx_word' id='word_1_204' title='bbox 185 2998 388 3059; x_wconf 85' lang='lat' dir='ltr'><strong>Latinorum</strong></span> <span class='ocrx_word' id='word_1_205' title='bbox 408 2993 621 3054; x_wconf 78' lang='lat' dir='ltr'><strong>substantivis</strong></span> <span class='ocrx_word' id='word_1_206' title='bbox 640 2993 677 3053; x_wconf 93' lang='lat' dir='ltr'><strong>in</strong></span> <span class='ocrx_word' id='word_1_207' title='bbox 698 3011 772 3055; x_wconf 87' lang='lat' dir='ltr'><strong>ura</strong></span> <span class='ocrx_word' id='word_1_208' title='bbox 793 2995 1014 3075; x_wconf 86' lang='lat' dir='ltr'><strong>respondent:</strong></span> <span class='ocrx_word' id='word_1_209' title='bbox 1046 2993 1083 3056; x_wconf 91' lang='lat' dir='ltr'><strong>id</strong></span> <span class='ocrx_word' id='word_1_210' title='bbox 1109 2991 1198 3075; x_wconf 82' lang='lat' dir='ltr'><strong>quod</strong></span> <span class='ocrx_word' id='word_1_211' title='bbox 1220 2996 1331 3056; x_wconf 81' lang='lat' dir='ltr'><strong>forma</strong></span> <span class='ocrx_word' id='word_1_212' title='bbox 1351 2998 1593 3059; x_wconf 83' lang='lat' dir='ltr'><strong>arslerture</strong></span> <span class='ocrx_word' id='word_1_213' title='bbox 1614 3017 1646 3061; x_wconf 83' lang='lat' dir='ltr'><strong>v.</strong></span> <span class='ocrx_word' id='word_1_214' title='bbox 1668 3001 1699 3063; x_wconf 87' lang='grc'><strong>4.</strong></span> <span class='ocrx_word' id='word_1_215' title='bbox 1731 3015 1797 3081; x_wconf 82' lang='lat' dir='ltr'><strong>pno</strong></span> <span class='ocrx_word' id='word_1_216' title='bbox 1829 3016 1920 3060; x_wconf 82' lang='lat' dir='ltr'><strong>ara·</strong></span> 
     </span>
     <span class='ocr_line' id='line_1_21' title="bbox 188 3109 1920 3197; baseline -0.001 -18"><span class='ocrx_word' id='word_1_217' title='bbox 188 3120 391 3179; x_wconf 80' lang='lat' dir='ltr'><strong>ferturem</strong></span> <span class='ocrx_word' id='word_1_218' title='bbox 412 3109 596 3174; x_wconf 79' lang='lat' dir='ltr'><strong>confirmat.</strong></span> <span class='ocrx_word' id='word_1_219' title='bbox 645 3109 684 3170; x_wconf 93' lang='lat' dir='ltr'><strong>In</strong></span> <span class='ocrx_word' id='word_1_220' title='bbox 705 3132 737 3175; x_wconf 81' lang='lat' dir='ltr'><strong>v.</strong></span> <span class='ocrx_word' id='word_1_221' title='bbox 760 3113 789 3175; x_wconf 88' lang='grc'><strong>6.</strong></span> <span class='ocrx_word' id='word_1_222' title='bbox 812 3110 935 3195; x_wconf 85' lang='lat' dir='ltr'><strong>duplex</strong></span> <span class='ocrx_word' id='word_1_223' title='bbox 967 3122 1018 3175; x_wconf 86' lang='lat' dir='ltr'><strong>cst</strong></span> <span class='ocrx_word' id='word_1_224' title='bbox 1048 3113 1187 3174; x_wconf 79' lang='lat' dir='ltr'><strong>licentia</strong></span> <span class='ocrx_word' id='word_1_225' title='bbox 1219 3114 1366 3195; x_wconf 75' lang='lat' dir='ltr'><strong>poiticaa</strong></span> <span class='ocrx_word' id='word_1_226' title='bbox 1398 3115 1545 3197; x_wconf 84' lang='lat' dir='ltr'><strong>primum</strong></span> <span class='ocrx_word' id='word_1_227' title='bbox 1576 3114 1737 3178; x_wconf 89' lang='lat' dir='ltr'><strong>diaeresis</strong></span> <span class='ocrx_word' id='word_1_228' title='bbox 1766 3118 1804 3177; x_wconf 92' lang='lat' dir='ltr'><strong>in</strong></span> <span class='ocrx_word' id='word_1_229' title='bbox 1833 3133 1920 3180; x_wconf 86' lang='lat' dir='ltr'><strong>voce</strong></span> 
     </span>
     <span class='ocr_line' id='line_1_22' title="bbox 188 3227 1920 3317; baseline -0.001 -21"><span class='ocrx_word' id='word_1_230' title='bbox 188 3227 325 3317; x_wconf 72' lang='lat' dir='ltr'><strong>paics,</strong></span> <span class='ocrx_word' id='word_1_231' title='bbox 357 3248 439 3312; x_wconf 85' lang='lat' dir='ltr'><strong>quae</strong></span> <span class='ocrx_word' id='word_1_232' title='bbox 462 3231 553 3290; x_wconf 87' lang='lat' dir='ltr'><strong>etin</strong></span> <span class='ocrx_word' id='word_1_233' title='bbox 575 3232 670 3310; x_wconf 82' lang='lat' dir='ltr'><strong>neip</strong></span> <span class='ocrx_word' id='word_1_234' title='bbox 690 3248 723 3292; x_wconf 84' lang='lat' dir='ltr'><strong>v.</strong></span> <span class='ocrx_word' id='word_1_235' title='bbox 744 3231 868 3312; x_wconf 87' lang='lat' dir='ltr'><strong>penult.</strong></span> <span class='ocrx_word' id='word_1_236' title='bbox 890 3240 925 3293; x_wconf 89' lang='lat' dir='ltr'><strong>et</strong></span> <span class='ocrx_word' id='word_1_237' title='bbox 946 3230 995 3292; x_wconf 85' lang='lat' dir='ltr'><strong>bis</strong></span> <span class='ocrx_word' id='word_1_238' title='bbox 1018 3232 1218 3293; x_wconf 86' lang='lat' dir='ltr'><strong>observatur</strong></span> <span class='ocrx_word' id='word_1_239' title='bbox 1237 3251 1270 3295; x_wconf 83' lang='lat' dir='ltr'><strong>v.</strong></span> <span class='ocrx_word' id='word_1_240' title='bbox 1293 3235 1360 3306; x_wconf 84' lang='lat'>11.;</span> <span class='ocrx_word' id='word_1_241' title='bbox 1394 3229 1514 3293; x_wconf 87' lang='lat' dir='ltr'><strong>deinde</strong></span> <span class='ocrx_word' id='word_1_242' title='bbox 1535 3233 1649 3296; x_wconf 83' lang='lat' dir='ltr'><strong>brevis</strong></span> <span class='ocrx_word' id='word_1_243' title='bbox 1678 3232 1829 3314; x_wconf 84' lang='lat' dir='ltr'><strong>syllabae</strong></span> <span class='ocrx_word' id='word_1_244' title='bbox 1856 3251 1920 3315; x_wconf 81' lang='lat' dir='ltr'><strong>per</strong></span> 
     </span>
     <span class='ocr_line' id='line_1_23' title="bbox 187 3345 1920 3435; baseline -0.001 -21"><span class='ocrx_word' id='word_1_245' title='bbox 187 3357 292 3414; x_wconf 85' lang='lat' dir='ltr'><strong>ictum</strong></span> <span class='ocrx_word' id='word_1_246' title='bbox 322 3345 502 3431; x_wconf 86' lang='lat' dir='ltr'><strong>productio</strong></span> <span class='ocrx_word' id='word_1_247' title='bbox 523 3348 559 3406; x_wconf 93' lang='lat' dir='ltr'><strong>in</strong></span> <span class='ocrx_word' id='word_1_248' title='bbox 579 3365 661 3407; x_wconf 87' lang='lat' dir='ltr'><strong>voco</strong></span> <span class='ocrx_word' id='word_1_249' title='bbox 692 3350 814 3410; x_wconf 84' lang='lat' dir='ltr'><strong>avvei</strong></span> <span class='ocrx_word' id='word_1_250' title='bbox 834 3366 899 3431; x_wconf 83' lang='lat' dir='ltr'><strong>pro</strong></span> <span class='ocrx_word' id='word_1_251' title='bbox 919 3351 1036 3412; x_wconf 81' lang='lat' dir='ltr'><strong>aveil</strong></span> <span class='ocrx_word' id='word_1_252' title='bbox 1054 3347 1186 3425; x_wconf 86' lang='lat' dir='ltr'><strong>(avibus</strong></span> <span class='ocrx_word' id='word_1_253' title='bbox 1212 3369 1245 3412; x_wconf 81' lang='lat' dir='ltr'><strong>v.</strong></span> <span class='ocrx_word' id='word_1_254' title='bbox 1267 3346 1327 3427; x_wconf 87' lang='grc'><strong>9.),</strong></span> <span class='ocrx_word' id='word_1_255' title='bbox 1351 3347 1447 3411; x_wconf 80' lang='lat' dir='ltr'><strong>-undc</strong></span> <span class='ocrx_word' id='word_1_256' title='bbox 1477 3369 1659 3413; x_wconf 86' lang='lat' dir='ltr'><strong>consonans</strong></span> <span class='ocrx_word' id='word_1_257' title='bbox 1681 3372 1700 3413; x_wconf 85' lang='lat' dir='ltr'><strong><em>v</em></strong></span> <span class='ocrx_word' id='word_1_258' title='bbox 1722 3352 1772 3415; x_wconf 85' lang='lat' dir='ltr'><strong>bis</strong></span> <span class='ocrx_word' id='word_1_259' title='bbox 1792 3353 1920 3435; x_wconf 82' lang='lat' dir='ltr'><strong>scripta</strong></span> 
     </span>
     <span class='ocr_line' id='line_1_24' title="bbox 188 3464 1920 3549; baseline 0.001 -16"><span class='ocrx_word' id='word_1_260' title='bbox 188 3491 260 3533; x_wconf 83' lang='lat' dir='ltr'><strong>esse</strong></span> <span class='ocrx_word' id='word_1_261' title='bbox 280 3465 426 3529; x_wconf 82' lang='lat' dir='ltr'><strong>videtur.</strong></span> <span class='ocrx_word' id='word_1_262' title='bbox 468 3465 521 3526; x_wconf 86' lang='lat' dir='ltr'><strong>Nc</strong></span> <span class='ocrx_word' id='word_1_263' title='bbox 551 3484 669 3525; x_wconf 81' lang='lat' dir='ltr'><strong>versus</strong></span> <span class='ocrx_word' id='word_1_264' title='bbox 689 3464 722 3528; x_wconf 80' lang='lat'><strong>7.</strong></span> <span class='ocrx_word' id='word_1_265' title='bbox 744 3476 920 3545; x_wconf 86' lang='lat' dir='ltr'><strong>anapaesto</strong></span> <span class='ocrx_word' id='word_1_266' title='bbox 943 3464 1129 3544; x_wconf 86' lang='lat' dir='ltr'><strong>claudatur,</strong></span> <span class='ocrx_word' id='word_1_267' title='bbox 1150 3467 1275 3529; x_wconf 84' lang='lat' dir='ltr'><strong>voculis</strong></span> <span class='ocrx_word' id='word_1_268' title='bbox 1296 3468 1327 3544; x_wconf 78' lang='lat' dir='ltr'><strong>i,</strong></span> <span class='ocrx_word' id='word_1_269' title='bbox 1359 3465 1449 3549; x_wconf 82' lang='lat' dir='ltr'><strong>quod</strong></span> <span class='ocrx_word' id='word_1_270' title='bbox 1468 3488 1569 3549; x_wconf 87' lang='lat' dir='ltr'><strong>supra</strong></span> <span class='ocrx_word' id='word_1_271' title='bbox 1590 3471 1723 3547; x_wconf 90' lang='lat' dir='ltr'><strong>monui,</strong></span> <span class='ocrx_word' id='word_1_272' title='bbox 1761 3478 1841 3533; x_wconf 85' lang='lat' dir='ltr'><strong>ante</strong></span> <span class='ocrx_word' id='word_1_273' title='bbox 1861 3489 1920 3533; x_wconf 77' lang='lat' dir='ltr'><strong>vo·</strong></span> 
     </span>
     <span class='ocr_line' id='line_1_25' title="bbox 189 3582 1921 3666; baseline 0 -16"><span class='ocrx_word' id='word_1_274' title='bbox 189 3591 291 3650; x_wconf 89' lang='lat' dir='ltr'><strong>calem</strong></span> <span class='ocrx_word' id='word_1_275' title='bbox 312 3587 412 3647; x_wconf 88' lang='lat' dir='ltr'><strong>aliam</strong></span> <span class='ocrx_word' id='word_1_276' title='bbox 432 3583 526 3645; x_wconf 86' lang='lat' dir='ltr'><strong>velut</strong></span> <span class='ocrx_word' id='word_1_277' title='bbox 547 3601 726 3643; x_wconf 88' lang='lat' dir='ltr'><strong>consonans</strong></span> <span class='ocrx_word' id='word_1_278' title='bbox 747 3582 995 3664; x_wconf 80' lang='lat' dir='ltr'><strong>pronuntianda</strong></span> <span class='ocrx_word' id='word_1_279' title='bbox 1017 3593 1084 3661; x_wconf 81' lang='lat' dir='ltr'><strong>est3</strong></span> <span class='ocrx_word' id='word_1_280' title='bbox 1119 3602 1186 3645; x_wconf 86' lang='lat' dir='ltr'><strong>ncu</strong></span> <span class='ocrx_word' id='word_1_281' title='bbox 1206 3604 1323 3647; x_wconf 80' lang='lat' dir='ltr'><strong>versus</strong></span> <span class='ocrx_word' id='word_1_282' title='bbox 1345 3588 1395 3649; x_wconf 81' lang='lat'><strong>13.</strong></span> <span class='ocrx_word' id='word_1_283' title='bbox 1418 3604 1485 3647; x_wconf 89' lang='lat' dir='ltr'><strong>una</strong></span> <span class='ocrx_word' id='word_1_284' title='bbox 1506 3585 1636 3666; x_wconf 85' lang='lat' dir='ltr'><strong>syllaba</strong></span> <span class='ocrx_word' id='word_1_285' title='bbox 1656 3585 1823 3665; x_wconf 86' lang='lat' dir='ltr'><strong>abundet,</strong></span> <span class='ocrx_word' id='word_1_286' title='bbox 1846 3606 1921 3651; x_wconf 74' lang='lat' dir='ltr'><strong>ver·</strong></span> 
     </span>
     <span class='ocr_line' id='line_1_26' title="bbox 188 3698 1922 3782; baseline 0.001 -16"><span class='ocrx_word' id='word_1_287' title='bbox 188 3708 266 3767; x_wconf 88' lang='lat' dir='ltr'><strong>bum</strong></span> <span class='ocrx_word' id='word_1_288' title='bbox 300 3709 496 3765; x_wconf 85' lang='lat' dir='ltr'><strong>courtust</strong></span> <span class='ocrx_word' id='word_1_289' title='bbox 529 3720 547 3761; x_wconf 87' lang='lat' dir='ltr'><strong>c</strong></span> <span class='ocrx_word' id='word_1_290' title='bbox 581 3709 786 3762; x_wconf 85' lang='lat' dir='ltr'><strong>covortus</strong></span> <span class='ocrx_word' id='word_1_291' title='bbox 808 3702 844 3761; x_wconf 87' lang='lat' dir='ltr'><strong>in</strong></span> <span class='ocrx_word' id='word_1_292' title='bbox 875 3698 956 3764; x_wconf 88' lang='lat' dir='ltr'><strong>duas</strong></span> <span class='ocrx_word' id='word_1_293' title='bbox 988 3702 1129 3782; x_wconf 81' lang='lat' dir='ltr'><strong>syllabas</strong></span> <span class='ocrx_word' id='word_1_294' title='bbox 1162 3710 1390 3781; x_wconf 88' lang='lat' dir='ltr'><strong>contractum,</strong></span> <span class='ocrx_word' id='word_1_295' title='bbox 1419 3723 1455 3767; x_wconf 65' lang='grc' dir='ltr'><strong>π.</strong></span> <span class='ocrx_word' id='word_1_296' title='bbox 1480 3706 1529 3767; x_wconf 81' lang='lat' dir='ltr'><strong>ld.</strong></span> <span class='ocrx_word' id='word_1_297' title='bbox 1563 3713 1681 3767; x_wconf 85' lang='lat' dir='ltr'><strong>contra</strong></span> <span class='ocrx_word' id='word_1_298' title='bbox 1703 3704 1922 3782; x_wconf 85' lang='lat' dir='ltr'><strong>mnicto(m)</strong></span> 
     </span>
     <span class='ocr_line' id='line_1_27' title="bbox 190 3818 1921 3904; baseline -0.001 -19"><span class='ocrx_word' id='word_1_299' title='bbox 190 3826 278 3885; x_wconf 87' lang='lat' dir='ltr'><strong>lust</strong></span> <span class='ocrx_word' id='word_1_300' title='bbox 310 3827 456 3904; x_wconf 84' lang='lat' dir='ltr'><strong>quatuor</strong></span> <span class='ocrx_word' id='word_1_301' title='bbox 483 3818 620 3900; x_wconf 92' lang='lat' dir='ltr'><strong>syllabis</strong></span> <span class='ocrx_word' id='word_1_302' title='bbox 641 3836 705 3900; x_wconf 90' lang='lat' dir='ltr'><strong>pro</strong></span> <span class='ocrx_word' id='word_1_303' title='bbox 726 3826 931 3904; x_wconf 77' lang='lat' dir='ltr'><strong>mugatom</strong></span> <span class='ocrx_word' id='word_1_304' title='bbox 962 3822 1046 3881; x_wconf 85' lang='lat' dir='ltr'><strong>fust</strong></span> <span class='ocrx_word' id='word_1_305' title='bbox 1064 3821 1230 3901; x_wconf 85' lang='lat' dir='ltr'><strong>scriptum</strong></span> <span class='ocrx_word' id='word_1_306' title='bbox 1250 3828 1312 3881; x_wconf 85' lang='lat' dir='ltr'><strong>eat.</strong></span> <span class='ocrx_word' id='word_1_307' title='bbox 1356 3819 1485 3883; x_wconf 81' lang='lat' dir='ltr'><strong>Versus</strong></span> <span class='ocrx_word' id='word_1_308' title='bbox 1509 3824 1569 3900; x_wconf 68' lang='lat'><strong>15,</strong></span> <span class='ocrx_word' id='word_1_309' title='bbox 1590 3824 1678 3885; x_wconf 89' lang='lat' dir='ltr'><strong>sicut</strong></span> <span class='ocrx_word' id='word_1_310' title='bbox 1699 3846 1733 3887; x_wconf 81' lang='lat' dir='ltr'><strong>v.</strong></span> <span class='ocrx_word' id='word_1_311' title='bbox 1754 3824 1786 3887; x_wconf 80' lang='grc'><strong>2.</strong></span> <span class='ocrx_word' id='word_1_312' title='bbox 1808 3824 1847 3885; x_wconf 87' lang='lat' dir='ltr'><strong>in</strong></span> <span class='ocrx_word' id='word_1_313' title='bbox 1866 3842 1921 3887; x_wconf 82' lang='lat' dir='ltr'><strong>ax-</strong></span> 
     </span>
     <span class='ocr_line' id='line_1_28' title="bbox 187 3935 1924 4020; baseline 0 -18"><span class='ocrx_word' id='word_1_314' title='bbox 187 3951 297 4002; x_wconf 87' lang='lat' dir='ltr'><strong>trema</strong></span> <span class='ocrx_word' id='word_1_315' title='bbox 313 3938 471 4020; x_wconf 84' lang='lat' dir='ltr'><strong>septimae</strong></span> <span class='ocrx_word' id='word_1_316' title='bbox 488 3936 621 3997; x_wconf 87' lang='lat' dir='ltr'><strong>tabulae</strong></span> <span class='ocrx_word' id='word_1_317' title='bbox 639 3936 770 4019; x_wconf 81' lang='lat' dir='ltr'><strong>pagina,</strong></span> <span class='ocrx_word' id='word_1_318' title='bbox 792 3939 969 4000; x_wconf 84' lang='lat' dir='ltr'><strong>anacrusin</strong></span> <span class='ocrx_word' id='word_1_319' title='bbox 989 3935 1133 3999; x_wconf 87' lang='lat' dir='ltr'><strong>duarum</strong></span> <span class='ocrx_word' id='word_1_320' title='bbox 1152 3938 1352 4018; x_wconf 86' lang='lat' dir='ltr'><strong>syllabarum</strong></span> <span class='ocrx_word' id='word_1_321' title='bbox 1374 3938 1491 4015; x_wconf 82' lang='lat' dir='ltr'><strong>habet3</strong></span> <span class='ocrx_word' id='word_1_322' title='bbox 1512 3941 1711 4004; x_wconf 85' lang='lat' dir='ltr'><strong>vocabulum</strong></span> <span class='ocrx_word' id='word_1_323' title='bbox 1731 3943 1924 4005; x_wconf 83' lang='lat' dir='ltr'><strong>fratraca</strong></span> 
     </span>
     <span class='ocr_line' id='line_1_29' title="bbox 188 4049 628 4121; baseline -0.009 -2"><span class='ocrx_word' id='word_1_324' title='bbox 188 4078 270 4121; x_wconf 84' lang='lat' dir='ltr'><strong>vero</strong></span> <span class='ocrx_word' id='word_1_325' title='bbox 292 4058 327 4117; x_wconf 91' lang='lat' dir='ltr'><strong>in</strong></span> <span class='ocrx_word' id='word_1_326' title='bbox 349 4076 380 4120; x_wconf 78' lang='lat' dir='ltr'><strong>v.</strong></span> <span class='ocrx_word' id='word_1_327' title='bbox 402 4057 432 4119; x_wconf 82' lang='lat'><strong>3.</strong></span> <span class='ocrx_word' id='word_1_328' title='bbox 455 4049 628 4115; x_wconf 88' lang='lat' dir='ltr'><strong>redundat.</strong></span> 
     </span>
    </p>

    <p class='ocr_par' dir='ltr' id='par_1_5' title="bbox 188 4171 1927 4851">
     <span class='ocr_line' id='line_1_30' title="bbox 351 4171 1923 4261; baseline 0.002 -24"><span class='ocrx_word' id='word_1_329' title='bbox 351 4174 403 4237; x_wconf 74' lang='lat'><strong>20.</strong></span> <span class='ocrx_word' id='word_1_330' title='bbox 445 4172 614 4234; x_wconf 88' lang='lat' dir='ltr'><strong>Hactenus</strong></span> <span class='ocrx_word' id='word_1_331' title='bbox 635 4171 734 4234; x_wconf 73' lang='lat' dir='ltr'><strong>haece</strong></span> <span class='ocrx_word' id='word_1_332' title='bbox 768 4191 945 4259; x_wconf 76' lang='lat' dir='ltr'><strong>pergamus</strong></span> <span class='ocrx_word' id='word_1_333' title='bbox 971 4192 1061 4234; x_wconf 92' lang='lat' dir='ltr'><strong>nunc</strong></span> <span class='ocrx_word' id='word_1_334' title='bbox 1087 4171 1129 4235; x_wconf 88' lang='lat' dir='ltr'><strong>ad</strong></span> <span class='ocrx_word' id='word_1_335' title='bbox 1148 4174 1253 4237; x_wconf 76' lang='lat' dir='ltr'><strong>uerba</strong></span> <span class='ocrx_word' id='word_1_336' title='bbox 1273 4193 1517 4255; x_wconf 85' lang='lat' dir='ltr'><strong>synonyma,</strong></span> <span class='ocrx_word' id='word_1_337' title='bbox 1551 4194 1693 4257; x_wconf 85' lang='lat' dir='ltr'><strong>qnorum</strong></span> <span class='ocrx_word' id='word_1_338' title='bbox 1715 4178 1923 4261; x_wconf 80' lang='lat' dir='ltr'><strong>comparatio</strong></span> 
     </span>
     <span class='ocr_line' id='line_1_31' title="bbox 188 4288 1923 4378; baseline 0.002 -23"><span class='ocrx_word' id='word_1_339' title='bbox 188 4294 328 4355; x_wconf 89' lang='lat' dir='ltr'><strong>multum</strong></span> <span class='ocrx_word' id='word_1_340' title='bbox 360 4292 490 4353; x_wconf 81' lang='lat' dir='ltr'><strong>confert</strong></span> <span class='ocrx_word' id='word_1_341' title='bbox 520 4289 561 4350; x_wconf 90' lang='lat' dir='ltr'><strong>ad</strong></span> <span class='ocrx_word' id='word_1_342' title='bbox 593 4288 781 4352; x_wconf 89' lang='lat' dir='ltr'><strong>enodandas</strong></span> <span class='ocrx_word' id='word_1_343' title='bbox 813 4290 1054 4354; x_wconf 85' lang='lat' dir='ltr'><strong>vocabulorum</strong></span> <span class='ocrx_word' id='word_1_344' title='bbox 1085 4295 1210 4354; x_wconf 77' lang='lat' dir='ltr'><strong>formas</strong></span> <span class='ocrx_word' id='word_1_345' title='bbox 1244 4299 1277 4355; x_wconf 90' lang='lat' dir='ltr'><strong>et</strong></span> <span class='ocrx_word' id='word_1_346' title='bbox 1309 4293 1580 4378; x_wconf 77' lang='lat' dir='ltr'><strong>significationes.</strong></span> <span class='ocrx_word' id='word_1_347' title='bbox 1627 4291 1722 4356; x_wconf 88' lang='lat' dir='ltr'><strong>Inter</strong></span> <span class='ocrx_word' id='word_1_348' title='bbox 1743 4295 1826 4359; x_wconf 83' lang='lat' dir='ltr'><strong>hacc</strong></span> <span class='ocrx_word' id='word_1_349' title='bbox 1845 4306 1923 4359; x_wconf 82' lang='lat' dir='ltr'><strong>ante</strong></span> 
     </span>
     <span class='ocr_line' id='line_1_32' title="bbox 188 4406 1925 4495; baseline 0.003 -23"><span class='ocrx_word' id='word_1_350' title='bbox 188 4413 299 4472; x_wconf 89' lang='lat' dir='ltr'><strong>omnia</strong></span> <span class='ocrx_word' id='word_1_351' title='bbox 320 4406 464 4472; x_wconf 89' lang='lat' dir='ltr'><strong>notanda</strong></span> <span class='ocrx_word' id='word_1_352' title='bbox 485 4415 580 4487; x_wconf 89' lang='lat' dir='ltr'><strong>sunt,</strong></span> <span class='ocrx_word' id='word_1_353' title='bbox 614 4427 698 4488; x_wconf 90' lang='lat' dir='ltr'><strong>quae</strong></span> <span class='ocrx_word' id='word_1_354' title='bbox 720 4410 754 4469; x_wconf 94' lang='lat' dir='ltr'><strong>in</strong></span> <span class='ocrx_word' id='word_1_355' title='bbox 776 4408 876 4471; x_wconf 88' lang='lat' dir='ltr'><strong>initio</strong></span> <span class='ocrx_word' id='word_1_356' title='bbox 908 4417 1044 4490; x_wconf 84' lang='lat' dir='ltr'><strong>quartae</strong></span> <span class='ocrx_word' id='word_1_357' title='bbox 1064 4409 1197 4472; x_wconf 85' lang='lat' dir='ltr'><strong>tabulae</strong></span> <span class='ocrx_word' id='word_1_358' title='bbox 1218 4410 1387 4495; x_wconf 74' lang='lat' dir='ltr'><strong>leguntur.</strong></span> <span class='ocrx_word' id='word_1_359' title='bbox 1441 4408 1591 4472; x_wconf 83' lang='lat' dir='ltr'><strong>Primum</strong></span> <span class='ocrx_word' id='word_1_360' title='bbox 1611 4431 1748 4474; x_wconf 88' lang='lat' dir='ltr'><strong>versum</strong></span> <span class='ocrx_word' id='word_1_361' title='bbox 1769 4413 1808 4475; x_wconf 89' lang='lat' dir='ltr'><strong>in</strong></span> <span class='ocrx_word' id='word_1_362' title='bbox 1828 4423 1925 4477; x_wconf 77' lang='lat' dir='ltr'><strong>sexta</strong></span> 
     </span>
     <span class='ocr_line' id='line_1_33' title="bbox 188 4510 1926 4613; baseline 0.003 -23"><span class='ocrx_word' id='word_1_363' title='bbox 188 4529 299 4590; x_wconf 84' lang='lat' dir='ltr'><strong>tabula</strong></span> <span class='ocrx_word' id='word_1_364' title='bbox 321 4525 437 4588; x_wconf 85' lang='lat' dir='ltr'><strong>eodem</strong></span> <span class='ocrx_word' id='word_1_365' title='bbox 459 4545 598 4609; x_wconf 84' lang='lat' dir='ltr'><strong>prorsus</strong></span> <span class='ocrx_word' id='word_1_366' title='bbox 620 4523 719 4586; x_wconf 90' lang='lat' dir='ltr'><strong>modo</strong></span> <span class='ocrx_word' id='word_1_367' title='bbox 742 4544 813 4588; x_wconf 85' lang='lat' dir='ltr'><strong>essa</strong></span> <span class='ocrx_word' id='word_1_368' title='bbox 834 4510 1027 4606; x_wconf 68' lang='lat' dir='ltr'><strong>redditum,</strong></span> <span class='ocrx_word' id='word_1_369' title='bbox 1055 4547 1095 4589; x_wconf 80' lang='lat' dir='ltr'><strong>ex</strong></span> <span class='ocrx_word' id='word_1_370' title='bbox 1116 4529 1178 4606; x_wconf 86' lang='lat' dir='ltr'><strong>iis,</strong></span> <span class='ocrx_word' id='word_1_371' title='bbox 1204 4531 1373 4610; x_wconf 73' lang='lat' dir='ltr'><strong>quaejam</strong></span> <span class='ocrx_word' id='word_1_372' title='bbox 1394 4527 1556 4610; x_wconf 81' lang='lat' dir='ltr'><strong>saprade</strong></span> <span class='ocrx_word' id='word_1_373' title='bbox 1577 4530 1709 4593; x_wconf 81' lang='lat' dir='ltr'><strong>usitatis</strong></span> <span class='ocrx_word' id='word_1_374' title='bbox 1729 4529 1822 4613; x_wconf 84' lang='lat' dir='ltr'><strong>apud</strong></span> <span class='ocrx_word' id='word_1_375' title='bbox 1844 4532 1926 4595; x_wconf 87' lang='lat' dir='ltr'><strong>Um·</strong></span> 
     </span>
     <span class='ocr_line' id='line_1_34' title="bbox 189 4643 1927 4733; baseline 0.002 -25"><span class='ocrx_word' id='word_1_376' title='bbox 189 4646 266 4708; x_wconf 85' lang='lat' dir='ltr'><strong>bros</strong></span> <span class='ocrx_word' id='word_1_377' title='bbox 298 4647 472 4708; x_wconf 79' lang='lat' dir='ltr'><strong>literarum</strong></span> <span class='ocrx_word' id='word_1_378' title='bbox 504 4643 748 4725; x_wconf 84' lang='lat' dir='ltr'><strong>abjectionibus</strong></span> <span class='ocrx_word' id='word_1_379' title='bbox 780 4650 814 4704; x_wconf 90' lang='lat' dir='ltr'><strong>et</strong></span> <span class='ocrx_word' id='word_1_380' title='bbox 845 4645 1146 4724; x_wconf 81' lang='lat' dir='ltr'><strong>permutationibus</strong></span> <span class='ocrx_word' id='word_1_381' title='bbox 1177 4647 1308 4721; x_wconf 89' lang='lat' dir='ltr'><strong>monui,</strong></span> <span class='ocrx_word' id='word_1_382' title='bbox 1340 4647 1439 4707; x_wconf 85' lang='lat' dir='ltr'><strong>lacile</strong></span> <span class='ocrx_word' id='word_1_383' title='bbox 1470 4644 1692 4733; x_wconf 80' lang='lat' dir='ltr'><strong>intelligitnr3</strong></span> <span class='ocrx_word' id='word_1_384' title='bbox 1724 4646 1786 4712; x_wconf 78' lang='lat' dir='ltr'><strong>scd</strong></span> <span class='ocrx_word' id='word_1_385' title='bbox 1807 4646 1927 4714; x_wconf 80' lang='lat' dir='ltr'><strong>eadem</strong></span> 
     </span>
     <span class='ocr_line' id='line_1_35' title="bbox 189 4757 1925 4851; baseline 0.004 -27"><span class='ocrx_word' id='word_1_386' title='bbox 189 4763 287 4825; x_wconf 86' lang='lat' dir='ltr'><strong>verba</strong></span> <span class='ocrx_word' id='word_1_387' title='bbox 319 4764 353 4823; x_wconf 90' lang='lat' dir='ltr'><strong>in</strong></span> <span class='ocrx_word' id='word_1_388' title='bbox 376 4766 448 4845; x_wconf 87' lang='lat' dir='ltr'><strong>ipsa</strong></span> <span class='ocrx_word' id='word_1_389' title='bbox 470 4768 591 4844; x_wconf 84' lang='lat' dir='ltr'><strong>quarta</strong></span> <span class='ocrx_word' id='word_1_390' title='bbox 610 4760 725 4823; x_wconf 86' lang='lat' dir='ltr'><strong>tabula</strong></span> <span class='ocrx_word' id='word_1_391' title='bbox 749 4757 845 4822; x_wconf 88' lang='lat' dir='ltr'><strong>valde</strong></span> <span class='ocrx_word' id='word_1_392' title='bbox 872 4761 1047 4824; x_wconf 85' lang='lat' dir='ltr'><strong>immutata</strong></span> <span class='ocrx_word' id='word_1_393' title='bbox 1078 4770 1288 4845; x_wconf 82' lang='lat' dir='ltr'><strong>repetuntur.</strong></span> <span class='ocrx_word' id='word_1_394' title='bbox 1329 4763 1489 4849; x_wconf 76' lang='lat' dir='ltr'><strong>legimus</strong></span> <span class='ocrx_word' id='word_1_395' title='bbox 1512 4766 1600 4826; x_wconf 89' lang='lat' dir='ltr'><strong>enim</strong></span> <span class='ocrx_word' id='word_1_396' title='bbox 1620 4763 1681 4843; x_wconf 91' lang='lat' dir='ltr'><strong>1v,</strong></span> <span class='ocrx_word' id='word_1_397' title='bbox 1711 4786 1743 4847; x_wconf 88' lang='lat' dir='ltr'><strong>a,</strong></span> <span class='ocrx_word' id='word_1_398' title='bbox 1767 4766 1801 4833; x_wconf 80' lang='lat'><strong>8.</strong></span> <span class='ocrx_word' id='word_1_399' title='bbox 1830 4767 1925 4851; x_wconf 76' lang='lat' dir='ltr'><strong>qup</strong></span> 
     </span>
    </p>
   </div>
   <div class='ocr_carea' id='block_1_5' title="bbox 190 4873 1925 4969">
    <p class='ocr_par' dir='ltr' id='par_1_6' title="bbox 190 4873 1925 4969">
     <span class='ocr_line' id='line_1_36' title="bbox 190 4873 1925 4969; baseline 0.002 -26"><span class='ocrx_word' id='word_1_400' title='bbox 190 4878 344 4969; x_wconf 68' lang='grc' dir='ltr'><strong><em>αξεριατω</em></strong></span> <span class='ocrx_word' id='word_1_401' title='bbox 365 4889 398 4943; x_wconf 86' lang='lat' dir='ltr'><strong>ct</strong></span> <span class='ocrx_word' id='word_1_402' title='bbox 418 4880 531 4964; x_wconf 88' lang='lat' dir='ltr'><strong>paullo</strong></span> <span class='ocrx_word' id='word_1_403' title='bbox 544 4886 622 4964; x_wconf 91' lang='lat' dir='ltr'><strong>post</strong></span> <span class='ocrx_word' id='word_1_404' title='bbox 639 4879 734 4965; x_wconf 82' lang='lat' dir='ltr'><strong>aFap</strong></span> <span class='ocrx_word' id='word_1_405' title='bbox 754 4873 931 4963; x_wconf 75' lang='grc' dir='ltr'><strong><em>ανξεριατε</em></strong></span> <span class='ocrx_word' id='word_1_406' title='bbox 946 4900 1015 4955; x_wconf 73' lang='lat' dir='ltr'><strong>asa,</strong></span> <span class='ocrx_word' id='word_1_407' title='bbox 1035 4877 1220 4969; x_wconf 72' lang='grc' dir='ltr'><strong>περναιαφ,</strong></span> <span class='ocrx_word' id='word_1_408' title='bbox 1240 4900 1445 4968; x_wconf 70' lang='grc' dir='ltr'><strong><em>πεστναιαφ,</em></strong></span> <span class='ocrx_word' id='word_1_409' title='bbox 1465 4880 1524 4945; x_wconf 88' lang='lat' dir='ltr'><strong>nbi</strong></span> <span class='ocrx_word' id='word_1_410' title='bbox 1541 4892 1632 4947; x_wconf 83' lang='lat' dir='ltr'><strong>sexta</strong></span> <span class='ocrx_word' id='word_1_411' title='bbox 1646 4883 1760 4947; x_wconf 82' lang='lat' dir='ltr'><strong>tabula</strong></span> <span class='ocrx_word' id='word_1_412' title='bbox 1774 4886 1925 4969; x_wconf 84' lang='lat' dir='ltr'><strong>primum</strong></span> 
     </span>
    </p>
   </div>
   <div class='ocr_carea' id='block_1_6' title="bbox 0 0 2134 5722">
    <p class='ocr_par' dir='ltr' id='par_1_7' title="bbox 0 0 2134 5722">
     <span class='ocr_line' id='line_1_37' title="bbox 0 0 2134 5722; baseline 0 0"><span class='ocrx_word' id='word_1_413' title='bbox 0 0 2134 5722; x_wconf 95' lang='lat' dir='ltr'><strong> </strong></span> 
     </span>
    </p>
   </div>
  </div>
 </body>
</html>
