4244 5722
840 594 1086 660 -p..

111 766 216 847 vta,
230 765 278 830 ll.
318 766 446 826 tellone
525 757 665 837 Noctes,
686 765 814 822 tcttosac
831 754 956 831 Sallen
975 775 1115 822 acroam
1131 755 1235 836 loier,
1252 767 1392 839 persone
1407 757 1563 841 padellar.

282 886 374 943 vaste
395 875 549 965 Virginis
569 851 738 954 (unctas),
759 882 850 938 veste
871 873 955 937 Salii
974 875 1011 936 in
1030 871 1132 937 caede
1151 873 1288 955 hostias,
1307 887 1427 962 paratu
1446 876 1596 962 patellae.

109 997 280 1077 v1,b,15.
299 994 440 1062 Hocdsc
460 1003 527 1059 ecto
549 993 673 1071 tsdoeo,
691 993 801 1074 posset
819 989 1284 1074 mbrascrslitorsssst,parfc
1295 994 1419 1074 desnos,
1431 1012 1568 1057 csrscco
1577 990 1815 1059 derawssn'ts:

191 1114 322 1178 Dehinc
341 1114 398 1177 isti
416 1112 513 1191 vitio,
534 1113 622 1174 sicut
640 1129 739 1193 supra
759 1110 875 1194 scripti
895 1119 972 1173 sunt
979 1107 1103 1189 (ritus),
1123 1129 1225 1194 parra
1244 1108 1372 1192 dextra,
1394 1114 1526 1176 cornice
1547 1111 1662 1176 cextra
1681 1117 1815 1175 caveto:

109 1233 335 1316 vtb,1ts‹1.
376 1229 477 1296 astra
515 1238 583 1295 esto
606 1230 716 1293 tedere
735 1232 827 1310 peico
844 1237 972 1308 saercto,
989 1231 1083 1310 pelen
1102 1238 1218 1293 merstc
1237 1234 1349 1295 serito⁸
1414 1312 1421 1328 ,

352 1358 524 1434 praeterea
543 1349 601 1411 isti
619 1349 705 1413 vitio
724 1349 802 1432 pico
822 1348 969 1422 sinistro,
990 1349 1065 1432 pica
1085 1349 1219 1412 sinistra
1239 1359 1365 1414 caveto.

26 1492 29 1497 ·
109 1469 214 1550 V1,b,
227 1472 265 1536 16
284 1466 420 1550 sepsos
440 1465 553 1531 unclcr
569 1475 797 1547 promereat,
818 1484 871 1530 eso
912 1473 1034 1528 trem
1092 1485 1179 1530 msc
1218 1467 1412 1551 conciliatas,

353 1584 391 1648 Si
410 1584 541 1668 aquilae
560 1575 761 1663 addinerint,
782 1585 820 1646 in
838 1602 879 1647 eo
900 1585 1042 1647 termino
1063 1582 1205 1647 secunda
1224 1585 1424 1664 combinato,

110 1704 171 1784 v1‚
183 1705 216 1781 b,
229 1706 278 1769 17.
299 1702 480 1783 crsfertssro
620 1721 730 1766 ssosssoe
769 1703 910 1766 cursito:
930 1700 1032 1784 μανία
1052 1702 1176 1780 deraso,
1199 1721 1335 1766 casamo
1357 1705 1487 1777 doses,-

294 1820 589 1899 conjuncturarum
607 1820 741 1882 nominc
762 1817 908 1882 caedito=
930 1836 1029 1903 parra
1050 1818 1177 1900 denua,
1199 1814 1333 1884 cornice
1355 1821 1490 1898 dextra,

109 1938 269 2017 V1,b,17
287 1957 335 2020 sq.
354 1939 446 2017 peico
466 1945 593 2016 mereto,
611 1939 708 2018 pelea
723 1945 874 2014 accersio,
893 1947 1010 2002 mereto
1050 1938 1150 2018 noeis,
1190 1951 1307 2004 mereto
1367 1940 1474 2004 caela.

350 2055 427 2139 pico
447 2056 595 2132 sinistro,
614 2057 691 2140 pica
710 2057 860 2133 sinistra,
880 2057 1022 2119 sinistris
1042 2057 1171 2134 avibus,
1193 2059 1334 2120 sinistris
1354 2057 1486 2139 aquilis.

108 2171 279 2253 V1,b,18·
299 2171 429 2237 Ecsossc
531 2171 597 2252 isse
659 2180 727 2235 tote
745 2173 879 2253 ljooisse,
941 2174 1034 2237 asaei
1072 2172 1204 2238 atainei
1245 2173 1414 2252 assimilet,

301 2288 459 2372 Auspicio
480 2306 642 2373 prospero
662 2289 726 2352 toti
745 2287 917 2376 Iguvinae,
938 2289 1001 2351 hoc
1022 2291 1219 2354 intermino
1239 2262 1428 2369 terminato,

109 2406 270 2487 vl,b,1e
290 2425 337 2488 sq.
378 2408 481 2470 coiaco
521 2407 647 2471 caosscs'r
747 2409 860 2485 sessis,
944 2406 1058 2487 poples
1077 2406 1248 2486 cosmoer
1266 2417 1298 2471 et
1317 2428 1410 2472 ocrer
1427 2406 1575 2490 pilscsser,

352 2542 428 2585 cum
448 2521 500 2586 his
520 2524 675 2605 auspiciis
694 2524 929 2602 venerationis,
950 2524 1069 2606 populi
1089 2523 1251 2586 lustrandi
1271 2535 1306 2587 et
1325 2527 1411 2587 arcis
1432 2522 1582 2609 piandae,

108 2642 213 2721 V1,b,
225 2644 275 2707 19.
295 2659 393 2722 perca
426 2641 585 2703 *arnosto
644 2637 757 2701 lubitu
777 2659 874 2702 cosor
912 2643 1035 2704 ceriaco
1097 2641 1264 2725 trellcnir,

290 2757 376 2818 lituo
396 2753 628 2817 admissionem
645 2753 766 2817 habeto
786 2757 873 2818 ritus
893 2757 1073 2840 portarias
1093 2758 1267 2824 treblanss.

109 2872 263 2952 vtato
283 2893 331 2956 sq.
353 2868 450 2936 Persi
468 2890 561 2935 ocrsr
579 2869 718 2952 pslcsssr
776 2891 859 2952 paca
971 2876 1163 2954 osteasendi,
1247 2895 1283 2938 eo
1324 2878 1374 2938 icc
1415 2875 1567 2950 osteadn3

352 2989 456 3052 Prcut
474 2990 562 3052 arcis
582 2987 721 3072 piandus
740 2989 925 3072 placamina
945 2988 1112 3053 offerenda
1131 3001 1219 3070 sunt,
1240 2990 1277 3053 id
1297 2993 1405 3076 ipsum
1426 2995 1562 3070 offerto,

109 3107 268 3187 Vl‚b,2o
287 3128 334 3190 sq.
354 3109 429 3189 pest
446 3108 501 3189 pir
519 3104 644 3189 pisseto,
667 3106 764 3189 celesti
784 3107 853 3172 dic:
875 3127 973 3170 curor
992 3112 1113 3174 serisso
1135 3111 1303 3187 tesonocs'r,
1324 3130 1421 3173 cumr
1439 3112 1561 3174 ceriaco
1582 3107 1709 3175 celticis.

107 3229 194 3290 sicut
212 3228 343 3309 piamen
362 3226 543 3304 insensum,
565 3226 709 3287 wsmari
720 3224 799 3305 jube
819 3243 928 3288 sacrm
949 3234 1019 3287 tum
1032 3245 1095 3310 per
1113 3228 1213 3289 ferias
1234 3236 1409 3305 tesenacas,
1420 3237 1562 3309 tumpec
1582 3229 1681 3290 ferias
1693 3224 1815 3293 valio.

269 3345 300 3406 2.
343 3341 539 3406 Accuratius
551 3343 673 3404 inillis
687 3344 877 3426 exponitur,
896 3340 978 3426 quid
998 3346 1194 3430 inauguriis
1213 3355 1288 3407 ante
1308 3345 1471 3406 sacrificia
1483 3346 1666 3429 expiatoria
1686 3355 1818 3428 captan-

109 3459 160 3524 dis
180 3457 418 3535 observandum
437 3461 501 3539 sit,
528 3470 562 3523 et
581 3462 690 3543 prima
710 3458 845 3542 quidem
864 3462 984 3540 sectio,
1006 3463 1034 3522 si
1053 3459 1133 3524 fides
1153 3462 1294 3546 habetur
1314 3465 1373 3542 iis,
1400 3482 1484 3544 quae
1505 3466 1541 3523 in
1562 3459 1703 3524 mcunda
1721 3461 1817 3542 hujus

108 3581 218 3662 operis
238 3577 403 3660 particula
421 3577 451 3659 ᾗ.
465 3578 505 3645 18
514 3597 563 3660 sq.
584 3578 711 3654 monui,
732 3575 896 3640 Saturniis
917 3580 1098 3660 composita
1118 3589 1167 3642 est
1186 3578 1346 3658 versibus,
1369 3599 1512 3662 quorum
1532 3581 1676 3663 primum
1695 3577 1818 3645 ibidem

107 3697 138 3780 §-
160 3696 225 3772 20,
255 3693 436 3757 secundum
454 3696 491 3756 in
510 3695 693 3778 superioris
713 3695 896 3778 particulae
914 3696 946 3778 ᾗ.
971 3696 1009 3760 15
1029 3716 1077 3778 sq.
1099 3698 1178 3758 satis
1203 3696 1380 3761 illustravi.
1422 3697 1468 3761 Ut
1488 3706 1597 3759 autem
1617 3696 1747 3779 reliqua
1766 3698 1818 3760 in·

108 3803 309 3901 colligamus,
330 3813 366 3873 in
386 3813 580 3873 memoriam
602 3809 786 3874 revocanda
806 3822 893 3887 sunt,
914 3831 996 3900 quae
1017 3814 1053 3874 in
1072 3811 1233 3875 secundae
1254 3814 1435 3898 particulae
1447 3815 1477 3896 ξ.
1489 3818 1541 3880 33.
1563 3812 1603 3877 de
1624 3812 1818 3877 combinatis

108 3928 311 3994 Umbrorum
331 3931 486 4018 auguriis
510 3931 646 4014 scripsit
678 3930 808 3992 nullum
830 3929 960 3993 scilicet
985 3928 1074 4015 apud
1093 3929 1234 3993 Umbros
1260 3942 1369 3994 ratum
1397 3933 1498 3992 fuisse
1525 3932 1725 4015 auspicium,
1752 3932 1818 3996 nisi

108 4058 183 4112 ante
204 4051 373 4112 minorum
392 4050 505 4111 arium
525 4047 768 4130 observationes
790 4067 830 4110 ex
850 4047 971 4129 aquilis
991 4043 1140 4127 (capias)
1161 4054 1292 4127 captum
1313 4055 1396 4108 essct
1409 4047 1595 4132 augurium.
1617 4045 1817 4110 Hiucverba

104 4169 179 4248 poci
205 4166 355 4249 augias)
385 4166 581 4243 caeriatooa)
611 4175 676 4244 est,
708 4167 739 4228 h.
762 4185 790 4227 e.
820 4164 878 4227 ubi
907 4184 947 4226 ax
972 4163 1093 4246 aquilis
1121 4173 1317 4250 auguratum
1342 4183 1368 4227 s.
1397 4165 1574 4250 augurium
1600 4173 1730 4248 captum
1756 4171 1817 4242 cst,

25 4342 27 4347 ,
108 4287 227 4348 ceteris
248 4285 431 4368 praeceptis
450 4284 726 4368 praemittuntur,
758 4278 1031 4364 quemadmodum
1049 4278 1173 4343 Seneca
1193 4278 1237 4343 N.
1261 4279 1298 4361 Ω.
1321 4278 1428 4358 1131.
1449 4282 1595 4364 quaerit:
1628 4279 1718 4347 »Cur
1738 4300 1816 4368 ergo

110 4401 257 4484 »aquilae
278 4401 333 4464 hic
352 4400 460 4465 honor
480 4400 576 4464 datus
597 4411 656 4480 est,
678 4410 715 4464 ut
736 4419 930 4486 magnarum
951 4417 1066 4462 rernm
1085 4401 1211 4462 facerat
1231 4400 1416 4482 suspiciat«
1442 4398 1529 4461 Nam
1548 4398 1636 4483 apud
1656 4400 1817 4464 Romanos

108 4539 236 4603 quoque
253 4520 383 4583 volatus
413 4519 562 4602 aquilae,
593 4518 687 4600 cujus
715 4520 845 4604 signum
874 4525 950 4602 post
973 4515 1122 4579 Marium
1146 4518 1293 4600 perticae
1312 4516 1431 4604 longae
1456 4516 1595 4578 infixum
1614 4517 1760 4604 legiones
1780 4517 1816 4579 in

109 4639 239 4724 agmine
260 4635 441 4723 gestabant,
469 4634 526 4698 rel
545 4633 689 4698 vulturis
709 4631 891 4696 secundum
920 4633 1006 4699 Plus
1028 4632 1068 4714 Q.
1080 4633 1190 4700 11.90.’
1212 4635 1248 4695 in
1280 4634 1427 4720 auguriis
1456 4632 1638 4697 habebatur
1669 4634 1816 4700 omnium

108 4756 368 4841 prosperrimus,
396 4774 498 4837 quum
518 4753 621 4815 Tusci
647 4762 764 4815 contra
783 4772 943 4815 summam
970 4771 1038 4814 esse
1057 4753 1127 4816 vim
1146 4750 1322 4814 fulminum
1342 4749 1536 4831 judicarant
1583 4748 1635 4815 Dc
1655 4751 1708 4815 his
1727 4753 1815 4817 enisu

108 4871 232 4938 Seneca
251 4872 295 4938 N.
318 4872 357 4954 Q.
378 4871 424 4952 11,
435 4874 489 4939 aa.
509 4872 656 4956 scripsit:
681 4868 865 4953 »Quicquid
884 4870 952 4932 alia
970 4867 1182 4953 portendunt,
1202 4870 1406 4932 interventus
1426 4867 1574 4933 fulminis
1595 4868 1702 4935 tollit:
1722 4872 1814 4954 quic·
