4244 5722
126 805 268 871 etiterist
286 804 448 887 scriptum
468 820 555 882 esse,
575 801 791 886 imperativus
810 802 936 868 stadiis
955 801 1018 885 Vl,
1033 822 1065 883 a,
1080 805 1132 870 66.
1153 799 1267 883 docet3
1308 797 1541 892 cadarossa
1559 819 1662 883 vero,
1689 784 1752 887 pso
1772 820 1841 888 quo

126 922 227 1000 Vl‚a‚
237 922 289 987 63.
301 923 351 988 66.
362 922 411 987 67.
432 919 611 1008 singularia
633 930 790 984 temmsco
810 919 952 1008 legitur,
978 918 1159 985 muudum
1179 940 1234 1001 ea,
1263 923 1404 1005 quaein
1424 923 1525 986 tertia
1551 918 1717 1007 particula
1735 921 1766 1007 5.
1788 924 1840 988 24.

126 1038 206 1118 dixi,
228 1059 294 1103 aaa
315 1042 448 1121 flammis
468 1035 667 1102 vertendum
686 1047 744 1104 est
787 1037 853 1102 Pro
872 1036 1027 1127 adpensa
1046 1036 1250 1126 κατεραμε
1270 1037 1358 1124 apud
1372 1024 1605 1123 Dempsterum
1625 1035 1758 1122 quidem
1776 1037 1840 1118 Vt;

124 1160 216 1236 atio.
230 1156 419 1221 arimalarm
440 1155 638 1220 tuteraltamo
659 1157 821 1239 scriptum
841 1165 899 1236 est,
919 1153 1149 1221 sedGruterus
1169 1155 1346 1220 umalama
1366 1155 1533 1221 exhibuitt
1553 1158 1633 1240 ‹pnia
1653 1174 1734 1220 vero
1753 1154 1841 1243 apud

124 1285 304 1359 utrumque
324 1275 411 1339 deitas
431 1272 615 1358 antecedit,
636 1273 739 1336 verba
758 1274 819 1335 illa
837 1292 901 1358 pro
922 1275 1118 1337 accusativis
1138 1271 1331 1359 accipienda
1350 1283 1444 1352 sunt,
1469 1273 1511 1336 ab
1533 1275 1732 1358 imperativo
1752 1274 1842 1338 detta

125 1412 151 1456 s.
173 1393 274 1457 dicito
295 1389 560 1476 dependentibus
603 1391 694 1453 Hinc
715 1386 878 1477 aditure
898 1388 1103 1479 κατεραμε
1123 1393 1246 1455 rectius
1272 1393 1432 1474 scriptum
1453 1385 1649 1479 stipam
1668 1387 1842 1478 καθαρμὸν

124 1531 149 1575 s.
173 1520 301 1597 gratam
323 1510 543 1593 expiationem
572 1505 738 1593 designari
757 1518 855 1593 puto:
888 1529 1010 1573 scote
1030 1528 1113 1589 vero
1134 1508 1196 1588 IV,
1214 1528 1244 1587 a,
1262 1509 1327 1588 tt,
1348 1516 1424 1571 aute
1445 1506 1533 1589 quod
1552 1508 1614 1589 VI,
1632 1529 1664 1587 a,
1679 1512 1730 1576 63.
1753 1507 1842 1573 idem

125 1628 339 1711 imperativus
361 1628 450 1691 dtitn
469 1622 764 1711 suppletur,'sicut
783 1602 1210 1714 asep'IV‚a‚16.paeanem
1229 1627 1300 1689 sive
1320 1623 1637 1708 potiusaatavtoadr
1657 1629 1843 1715 significare
1900 1668 1908 1681 ·

123 1743 265 1808 videtur.
310 1746 331 1807 Ι
335 1769 355 1808 κ
363 1746 496 1810 eFtse
516 1743 579 1821 tv,
595 1764 622 1816 a,
634 1745 684 1807 2⁰.
708 1745 796 1806 sicut
812 1742 941 1823 pittacio
962 1744 1148 1823 v1,b,ot.
1170 1764 1232 1829 pro
1254 1745 1403 1832 genitivo
1424 1743 1564 1828 pluralis
1584 1748 1716 1806 numeri
1736 1747 1842 1830 accipi

124 1871 243 1947 posset,
265 1864 330 1923 nisi
350 1861 412 1941 VI,
424 1882 455 1941 a,
468 1865 520 1929 66.
543 1862 677 1925 Iouinar
696 1845 857 1945 scriptum
877 1871 972 1941 esset,
994 1861 1156 1935 sicutVI,
1168 1863 1261 1940 aet.
1282 1861 1441 1942 licuisset,
1463 1880 1526 1943 pro
1546 1879 1611 1944 quo
1632 1859 1787 1941 1v,a,21
1810 1873 1844 1925 et

124 1980 174 2045 22.
196 1980 397 2056 Ischseg
418 1958 589 2042 armatum
601 1979 735 2067 legitur.
766 1976 857 2040 Num
877 1980 1081 2066 igitureum
1100 1978 1299 2060 imperativo
1320 1979 1531 2059 expiatorias»
1551 1996 1673 2041 carmen
1695 1987 1728 2041 et
1745 1998 1843 2060 paea·
1882 2024 1886 2042 .

51 2114 64 2134 ⁸
124 2117 190 2160 aem
210 2097 311 2161 dicito
332 2099 537 2159 aecusativus
559 2107 608 2159 est
629 2105 847 2173 constructus,
871 2098 965 2178 quasi
984 2096 1126 2179 sinplex
1145 2095 1287 2157 verbum
1307 2103 1391 2157 esset
1410 2095 1554 2178 positum
1562 2089 1732 2176 παιάνιζεῒ
1754 2095 1844 2158 tteli-

124 2235 189 2299 qua
209 2215 275 2295 jam
295 2234 394 2303 supra
414 2215 443 2297 ᾖ.
465 2213 487 2278 6
507 2215 597 2276 etin
617 2211 759 2274 secunda
780 2212 947 2296 particula
966 2212 996 2295 §-
1018 2214 1058 2277 31
1079 2231 1127 2293 sq.
1150 2213 1229 2273 satis
1249 2210 1414 2275 illustrata
1440 2221 1534 2290 sunt,
1564 2221 1603 2274 ut
1627 2211 1670 2274 ed
1697 2233 1736 2275 ea
1766 2233 1844 2298 pro·

125 2331 220 2421 gredi
239 2326 373 2418 possim,
395 2351 478 2415 quae
499 2340 575 2416 post
593 2329 803 2393 undecimum
823 2330 1023 2393 sacrificium
1042 2326 1218 2391 adduntur.
1247 2329 1296 2389 Ex
1316 2327 1377 2391 illa
1400 2327 1475 2392 loco
1488 2347 1582 2408 vero,
1604 2349 1702 2411 quem
1715 2334 1844 2415 saepius

124 2452 191 2531 jam
210 2449 362 2529 laudavi,
391 2449 488 2535 Virg.
512 2447 551 2510 G.
576 2446 637 2527 IV,
655 2451 740 2525 3⁷9..
768 2445 810 2510 ad
829 2446 933 2511 verba
954 2442 1116 2531 audeca
1143 2442 1268 2532 τερες
1288 2465 1332 2510 ec
1352 2442 1461 2529 nepe
1482 2448 1634 2508 conferre
1655 2446 1754 2511 liceat
1774 2447 1844 2512 dic·

126 2571 269 2632 tionem:
315 2565 510 2629 »Panchaeis
538 2563 731 2628 adolescunt
757 2565 887 2652 ignibus
915 2577 1022 2626 arae«.
1068 2561 1351 2644 Quemadmodum
1376 2562 1425 2624 ibi
1453 2563 1567 2626 libatio
1588 2541 1664 2626 curn
1691 2567 1844 2650 precibus

126 2688 286 2769 sequitur,
318 2685 366 2745 sio
386 2686 421 2744 in
442 2691 555 2745 nostra
576 2681 689 2743 tabula
709 2681 932 2764 praecipitur:
962 2675 1114 2766 τριιθπεῤ
1136 2668 1325 2761 audacius,
1346 2673 1499 2767 τριιθπερ
1519 2700 1673 2762 πεσνιμθ,
1694 2681 1844 2772 couerci

126 2823 226 2869 scara
246 2802 415 2876 lseFtvec.

288 2923 339 2984 21.
384 2918 422 2979 In
436 2917 556 2980 ritibus
577 2917 779 3004 purgatoriis
791 2933 852 3000 per
871 2934 996 2977 nonum
1009 2924 1052 2977 et
1064 2902 1228 2977 decimum
1249 2925 1283 2977 et
1295 2913 1508 2978 undecimum
1521 2919 1719 2981 sacrificium
1734 2920 1845 2983 obser·
1860 2995 1868 3010 ‚

127 3036 242 3102 randis
263 3036 328 3099 dno
349 3038 458 3121 prima
478 3035 641 3099 vocabula
660 3053 759 3098 trava
778 3027 1002 3118 πυρτινζες
1021 3053 1084 3117 pro
1106 3053 1169 3097 aste
1189 3028 1345 3117 περιιιες
1365 3019 1460 3096 nobis
1480 3036 1547 3114 jam
1567 3047 1645 3100 nota
1665 3047 1756 3119 snnt3
1778 3049 1845 3100 ter-

127 3158 212 3220 tium
238 3174 320 3219 vero
349 3152 505 3242 supere
533 3153 767 3236 imperativum
795 3161 834 3214 ut
853 3151 1052 3213 Latinorum
1082 3150 1205 3214 caedito
1233 3153 1445 3234 interpretor.
1487 3152 1666 3238 Sequentia
1692 3154 1733 3217 ad
1759 3158 1844 3218 ritus

128 3293 189 3360 per
208 3274 274 3335 tria
293 3268 391 3333 modo
413 3269 502 3334 dicta
520 3269 683 3330 sacrificia
703 3265 924 3365 observandos
944 3277 1113 3351 spectare,
1143 3267 1267 3352 triplex
1288 3266 1384 3331 docet
1410 3270 1592 3333 verborum
1620 3268 1716 3359 ερες
1734 3273 1844 3362 cepa,

127 3391 160 3452 h.
185 3411 213 3456 e.
237 3391 474 3453 incantationes
494 3387 596 3458 dicas,
619 3389 776 3469 repetitio
797 3395 872 3470 post
891 3384 994 3447 verba
1015 3389 1109 3472 riepe
1129 3381 1247 3472 απρεφ
1269 3382 1432 3471 posedire
1451 3387 1522 3450 scil.
1548 3387 1722 3475 Φεντλερε,
1740 3385 1846 3455 ’Pens-

127 3529 218 3588 ναμε,
243 3502 313 3591 Τρα
332 3507 464 3570 laisa:
485 3506 520 3565 in
542 3503 594 3565 his
609 3513 721 3566 autem
742 3506 807 3566 tria
820 3503 982 3565 vocabula
1003 3501 1182 3588 dupliciter
1203 3504 1325 3586 scripta
1337 3503 1506 3591 leguntur,
1529 3527 1613 3590 quae
1625 3508 1708 3570 bene
1729 3507 1846 3570 distin·

129 3623 256 3714 guenda
276 3634 361 3688 sunt.
404 3621 553 3684 Primum
573 3641 682 3708 aecpe
704 3619 874 3709 circeis,
904 3640 1047 3704 quorum
1068 3619 1153 3682 illud
1174 3619 1263 3683 idem
1284 3615 1375 3683 casus
1397 3624 1656 3687 instrumentalis
1677 3628 1846 3708 pronomi-

128 3745 179 3805 nis
200 3742 335 3806 relativi
355 3759 423 3803 essc
444 3739 597 3819 videtur,
626 3741 683 3823 qui
704 3737 842 3826 απρθφ,
870 3737 934 3802 hoc
955 3740 1036 3801 alias
1057 3742 1141 3803 sicat
1162 3740 1342 3827 significat,
1374 3739 1437 3802 hoc
1466 3740 1541 3804 loco
1570 3742 1732 3806 correlata
1758 3754 1844 3822 sunt,

129 3863 222 3945 quasi
242 3856 347 3938 πεξε
367 3876 548 3943 coaeques.
568 3876 628 3940 per
649 3867 743 3922 totam
765 3857 848 3922 illud
868 3867 1003 3939 tempas,
1033 3868 1129 3940 atque
1148 3877 1261 3946 trapa
1290 3859 1416 3941 quando
1437 3880 1461 3923 s.
1484 3881 1524 3923 ec
1543 3881 1605 3944 pao
1624 3864 1846 3945 interpretan-

128 3976 207 4040 dum
227 3980 281 4043 sit.
308 3975 436 4042 Deinde
455 3975 554 4067 sado
574 3996 738 4059 praesens,
758 3974 914 4065 eedeoc
933 3977 1151 4060 praeteritum
1165 3985 1300 4061 tempus
1321 3976 1522 4056 subjunctivi
1537 3988 1597 4056 est,
1619 3997 1845 4065 κεπιφιατε

128 4098 342 4181 imperativus
369 4074 567 4175 canditate,
598 4113 829 4179 κεπιφιαια
855 4092 1054 4175 adjectivum
1079 4091 1121 4154 ad
1155 4089 1226 4178 Τρα
1247 4094 1365 4158 laica
1390 4095 1563 4171 uelatum,
1594 4094 1709 4158 eodem
1737 4108 1846 4160 tamen

128 4211 237 4291 modo,
269 4222 309 4275 ut
338 4214 582 4277 combinatione
602 4210 745 4274 secunda
776 4209 990 4298 designentur
1010 4212 1176 4296 auspicia,
1202 4210 1497 4297 interpretandum.
1540 4213 1614 4278 Ere
1634 4224 1667 4277 et
1687 4236 1755 4280 aaa
1782 4236 1845 4301 pro

127 4352 204 4413 steps
224 4340 259 4395 ot
278 4351 361 4414 caepa
380 4351 457 4396 casu
477 4331 578 4394 locali
597 4332 705 4420 positp
724 4340 801 4394 sunt
821 4329 1026 4416 pronominis
1046 4348 1135 4410 esar,
1156 4339 1191 4392 et
1209 4329 1283 4394 inde
1302 4330 1503 4418 siguiflmtz
1523 4329 1703 4395 notandum
1724 4344 1846 4416 autem,

127 4446 216 4534 quad
235 4445 422 4535 accede,
452 4447 505 4512 bis
526 4462 601 4511 cam
619 4440 796 4530 'Pantanus
818 4448 1042 4528 conjunctum,
1063 4458 1138 4533 post
1161 4444 1234 4533 Τρα
1253 4449 1370 4513 laica
1391 4459 1434 4529 et,
1455 4447 1544 4532 quod
1563 4447 1651 4513 idem
1671 4453 1844 4539 significat,

127 4568 275 4649 iasone„
300 4568 457 4631 omissum
476 4567 531 4629 sit.
574 4565 749 4630 Praeterea
770 4576 847 4652 post
864 4557 1036 4647 Pennana
1048 4568 1186 4648 nempe
1207 4561 1355 4650 seFadce
1375 4563 1521 4648 mantia,
1549 4587 1845 4650 superessentiae,

126 4684 268 4773 legitur:
291 4705 349 4750 eve
368 4703 450 4748 καπι
469 4679 576 4768 canda
598 4703 685 4766 asse,
704 4680 832 4751 Facula
850 4683 954 4756 Feret
994 4678 1053 4744 sed
1072 4690 1147 4764 post
1156 4681 1290 4762 Σαταμε
1309 4677 1458 4765 sertice
1479 4693 1539 4747 cet
1560 4703 1617 4748 esa
1638 4704 1747 4764 sceva,
1762 4706 1846 4768 quae

126 4801 208 4889 quid
228 4803 424 4890 significent,
443 4819 545 4887 snpra
565 4802 632 4883 jam
652 4803 836 4888 expositum
856 4809 915 4865 sut
955 4792 1202 4891 Haeccine
1222 4797 1320 4861 facile
1339 4800 1530 4885 agnoscitur
1550 4820 1568 4863 e
1588 4819 1677 4865 asor
1690 4800 1846 4888 etcedsta

127 4937 152 4985 s.
171 4928 247 5004 post
268 4929 302 4985 et
323 4921 422 4985 tertio
439 4921 680 5005 compositum
710 4927 746 4984 at
771 4938 876 4984 nasa
904 4912 1031 5008 neapo
1050 4892 1160 5014 pecc
1179 4936 1205 4982 s.
1223 4934 1308 4998 paee
1328 4916 1462 4982 audires
1480 4916 1553 5000 fast
1572 4916 1755 4998 vltate.
1778 4941 1844 4984 uon

1580 5086 1602 5150 t
