4244 5722
1014 644 1259 706 ..4-

288 806 383 878 »sibi
407 806 544 902 reliqua
566 807 655 881 haec
679 806 807 880 volunt
830 832 1019 907 magorum
1044 809 1271 881 cohaerentia
1295 806 1580 902 disciplinisl-
1605 806 1703 901 quid,
1727 806 1890 902 inquom,
1916 805 1990 876 sibi

290 957 401 1030 »hoec
426 957 577 1031 voluntl
602 958 783 1062 apennia,
808 956 960 1052 hirciae,
986 957 1188 1051 silicernia,
1214 954 1398 1055 longeio?
1431 982 1520 1054 quae
1545 969 1630 1030 sunt
1653 961 1801 1030 nomina
1827 968 1861 1031 et
1884 957 1991 1028 larci-

288 1108 456 1182 »minum
480 1134 630 1206 genera,
655 1112 826 1207 hirquino
852 1111 922 1184 alia
947 1114 1140 1207 sanguine,
1174 1111 1408 1184 comminutis
1433 1109 1503 1181 alia
1525 1110 1702 1182 inculcata
1726 1108 1988 1204 pulmonibust

287 1287 366 1332 »-
391 1262 478 1357 quid
503 1257 660 1355 fritillo,
686 1263 774 1357 qnid
800 1234 957 1355 frumen,
991 1265 1078 1358 quid
1103 1260 1255 1355 africia,
1289 1263 1376 1357 quid
1400 1259 1570 1358 gratilla,
1598 1274 1806 1352 ‘catameam²
1838 1280 1990 1360 conspa-

290 1409 413 1503 »liam,
439 1408 590 1486 cubula?
615 1414 816 1509 exquibus
842 1415 927 1506 duo,
954 1415 1307 1510 quaeprimasunt,
1342 1412 1489 1507 pultum
1514 1415 1674 1504 nomina,
1709 1413 1772 1484 sed
1796 1433 1931 1506 genere
1956 1421 1991 1481 et

286 1563 478 1659 »qualitate
503 1536 654 1655 diversa,
688 1566 798 1637 series
822 1589 919 1655 vero,
954 1590 1045 1661 quae
1071 1567 1244 1661 sequitur,
1275 1562 1437 1637 liborum
1462 1563 1717 1658 significantias
1752 1564 1922 1650 continet,
1958 1571 1991 1631 et

286 1715 399 1810 »ipsis
423 1740 498 1817 non
524 1727 577 1788 est
601 1739 673 1788 una
697 1715 895 1812 eademque
919 1717 1096 1789 formatio.
1131 1717 1211 1788 Non
1228 1717 1326 1787 enim
1350 1714 1468 1810 placet
1492 1740 1637 1788 onmem
1652 1710 1849 1823 strebulam
1872 1714 1990 1784 nomi·

288 1891 415 1956 nnete,
449 1892 539 1962 quae
569 1876 758 1939 taurorum
782 1893 803 1938 o
829 1852 1085 1943 coxendicibus
1110 1868 1287 1957 demitur,
1319 1862 1564 1969 pulpamenta
1594 1891 1667 1939 nnn
1692 1889 1794 1954 assa,
1827 1888 1918 1960 quae
1953 1864 1990 1934 in

288 2019 469 2090 »verubus
495 2029 574 2090 exta
602 2029 698 2106 sunt,
724 2020 879 2092 animate
905 2022 1005 2113 prius
1031 2030 1066 2090 et
1091 2018 1278 2089 torrefacta
1303 2020 1533 2108 carbonibus,
1566 2042 1640 2089 non
1665 2013 1867 2090 salsamina
1891 2016 1991 2086 deni-

287 2193 392 2265 »que,
418 2193 509 2264 quae
531 2179 615 2239 sunt
640 2193 711 2241 una
729 2171 941 2241 commixtio
966 2168 1165 2263 quadrimis
1184 2166 1349 2262 copulata
1374 2169 1419 2240 de
1437 2169 1755 2262 frugibus,—non
1770 2180 1990 2264 magmenta,

285 2344 360 2391 non
384 2319 576 2415 augmina,
612 2345 685 2393 non
712 2319 813 2391 mille
838 2321 976 2415 species
1002 2319 1059 2389 vel
1083 2319 1314 2390 farciminum
1339 2318 1396 2390 vel
1422 2318 1649 2409 fritillorum,
1678 2320 1816 2415 ‚quibus
1839 2320 1990 2390 nomina

287 2472 491 2546 »indidistis
508 2474 690 2583 obscura,
724 2470 903 2566 vulgoque
928 2482 968 2543 ut
992 2481 1111 2542 essent
1143 2471 1362 2564 augustiora,
1396 2470 1574 2554 fecistis&
1617 2470 1718 2552 Quae
1751 2473 1783 2542 si
1816 2450 1990 2542 Romanis

287 2626 437 2697 obscura
460 2624 617 2712 fuerunt,
647 2624 866 2717 quidnobis
891 2634 1107 2695 eventurum
1134 2644 1322 2717 speremus
1344 2623 1384 2693 in
1410 2621 1632 2717 explicandis
1657 2623 1820 2714 Iguvinis
1844 2619 1989 2708 tabulis,

285 2776 326 2847 in
351 2776 486 2871 quibus
509 2774 679 2869 leguntur
705 2775 863 2845 similial
913 2773 1038 2845 Nihilo
1063 2774 1179 2844 secius
1202 2772 1407 2868 pericnlum
1438 2773 1583 2868 aliquod
1609 2774 1813 2846 faciendum
1837 2782 1912 2859 est,
1947 2781 1991 2841 ut

288 2925 406 2999 saltim
432 2952 484 3017 ea,
509 2951 600 3022 quae
623 2924 777 3019 intelligi
801 2935 964 3020 possunt,
990 2925 1198 2996 enodemus.
