4244 5722
636 1792 1500 1925 Praelatio.

897 2109 1257 2120 ————-—..-.-...--...-

362 2369 624 2498 Rudimenta
648 2416 803 2513 linguae
831 2415 1045 2504 Umbricae,
1071 2438 1236 2512 quorum
1262 2412 1468 2512 particulas
1494 2438 1566 2511 per
1586 2415 1788 2490 intervalla
1811 2439 1928 2493 seme-

199 2594 290 2666 stria
315 2587 607 2688 programmatis
631 2587 808 2662 editurus
832 2609 933 2678 aum,
970 2583 1083 2660 initio
1108 2580 1266 2683 quidem
1290 2583 1340 2658 ad
1373 2607 1456 2659 eam
1482 2584 1728 2681 pertinebant
1753 2586 1928 2663 disserta·

197 2742 427 2834 tiunculam,
462 2763 587 2838 quam,
619 2739 670 2814 de
703 2736 870 2835 antiquis
892 2734 1042 2812 mediae
1076 2733 1210 2812 ltaliae
1233 2734 1376 2836 linguis
1409 2736 1637 2813 Germanico
1671 2761 1847 2816 sermone
1870 2744 1928 2819 in·

197 2895 385 2986 choatam,
411 2892 456 2968 l.
486 2894 592 2970 1829.
620 2893 661 2969 in
684 2890 792 2966 Novo
816 2887 983 2966 Archino
1005 2887 1240 2994 philologiae
1275 2906 1313 2966 et
1335 2889 1601 2996 poedagogico
1632 2892 1726 2970 Nro.
1752 2894 1813 2970 26.
1840 2921 1923 2994 sqq.

197 3072 269 3146 per
295 3051 360 3121 Dr.
388 3043 646 3136 Seebodium,
679 3041 874 3118 Andreani
898 3040 1154 3118 Hildesiensis
1179 3052 1262 3116 tum
1287 3040 1533 3118 Directorem
1557 3043 1826 3138 clarissimum,
1859 3049 1925 3123 edi

193 3201 398 3297 jusseram
431 3196 500 3270 sed
527 3221 659 3293 quum,
685 3195 870 3271 absolutis
895 3191 1042 3294 paucis,
1068 3217 1167 3290 quae
1190 3194 1241 3267 de
1267 3197 1405 3286 Tusca,
1432 3192 1586 3287 Sabina,
1621 3193 1829 3295 Siculaque
1853 3200 1923 3276 lin-

195 3355 280 3449 guis
306 3377 327 3423 a
350 3374 412 3425 me
437 3345 518 3422 dici
542 3358 733 3447 poterant,
758 3358 837 3421 tres
861 3346 1029 3445 linguae,
1054 3369 1153 3444 quae
1178 3345 1304 3421 adhuc
1329 3345 1535 3440 restabant,
1561 3345 1743 3424 Umbrica
1764 3352 1923 3445 scilicet,

195 3504 294 3576 Osca
321 3500 545 3598 Latinoque,
579 3499 654 3573 alio
691 3523 851 3597 prorsus
876 3499 992 3574 modo
1017 3497 1238 3572 tractandae
1262 3498 1358 3575 mihi
1382 3498 1621 3592 viderentur,
1660 3503 1836 3600 sepositis
1861 3505 1922 3599 iis,

194 3680 291 3753 quae
320 3655 399 3751 jam
437 3652 675 3751 perfeceram
699 3649 1028 3748 Ephemeridibus
1059 3650 1273 3747 inserenda,
1306 3650 1520 3725 accuratius
1554 3651 1704 3729 institui
1737 3657 1920 3752 studium,

192 3808 353 3882 ethaeo
378 3804 535 3903 quidem
559 3800 776 3879 rudimenta
799 3802 955 3903 linguae
980 3801 1197 3895 Umbricae,
1223 3803 1327 3877 unde
1352 3814 1392 3877 et
1414 3803 1603 3879 Oscorum
1629 3816 1670 3879 et
1694 3805 1921 3886 Latinorum

193 3960 322 4056 lingua
347 3955 536 4054 originem
561 3955 677 4055 cepit,
714 3956 873 4031 seorsim
899 3955 1050 4030 edenda
1074 3958 1219 4052 putavi.
1272 3957 1379 4037 Quae
1405 3956 1561 4054 quidem
1586 3958 1638 4033 ob
1663 3984 1746 4033 eam
1771 3986 1921 4036 oausam

192 4111 329 4186 Latine
354 4108 506 4207 scripsi,
541 4108 836 4206 quodpropter
861 4132 1059 4200 summam,
1092 4133 1190 4205 quae
1214 4107 1315 4182 inter
1340 4107 1559 4184 Umbricam
1584 4121 1625 4185 et
1650 4108 1825 4188 Latinam
1849 4115 1919 4190 lin-

189 4290 303 4363 guam
328 4259 557 4351 intercedit,
583 4259 848 4360 cognationem
871 4256 987 4335 nullis
1013 4257 1094 4334 aliis
1119 4261 1296 4353 vocibus,
1321 4260 1354 4336 si
1380 4261 1543 4338 Graecas
1568 4263 1788 4367 exceperis,
1821 4290 1918 4365 quae

188 4416 337 4492 Latinis
370 4412 483 4489 facile
514 4412 843 4505 intermiscentur,
877 4425 953 4486 tam
991 4427 1081 4512 apte
1113 4424 1153 4487 et
1187 4413 1390 4488 commode
1427 4415 1613 4514 explicari
1646 4427 1806 4514 possunt
1830 4417 1918 4497 Um·

187 4570 330 4644 bricae.
382 4567 564 4648 Quamvis
587 4565 705 4639 multa
729 4566 793 4640 vel
817 4565 963 4640 incerta
985 4564 1050 4641 vel
1074 4566 1207 4664 ignota
1237 4591 1396 4663 prorsus
1422 4568 1548 4643 adbuc
1572 4571 1793 4664 manserint,
1819 4598 1917 4670 quae

188 4719 411 4797 diuturnius
446 4717 599 4792 demum
633 4717 803 4793 studium
833 4717 915 4811 vel,
950 4717 1039 4816 quia
1063 4744 1141 4793 non
1167 4719 1294 4795 omnia
1318 4744 1518 4820 possumus
1544 4721 1707 4818 singuli,
1743 4722 1915 4820 plurium

189 4875 393 4950 doctorum
426 4870 622 4949 hominum
660 4894 818 4947 acumen
850 4869 970 4969 magis
1003 4872 1200 4970 magisque
1232 4871 1434 4966 enodabit,
1473 4882 1619 4949 tantum
1650 4883 1777 4951 tamen
1816 4877 1913 4952 lucis

1422 5011 1467 5070 1*
