4244 5722
1022 561 1270 625 ...4-

288 725 375 820 ibit,
400 729 503 802 inter
526 724 655 819 multa,
680 750 779 826 quae
802 722 955 800 nonnisi
977 721 1203 799 hariolando
1227 680 1406 825 exputari
1430 729 1608 821 possunt,
1633 722 1799 823 plurima
1823 722 1881 801 sic
1905 749 1930 799 a
1955 748 2013 800 me

290 903 373 955 esse
396 877 597 971 illustrata,
622 887 678 971 ut,
704 873 868 975 quaein
892 873 1032 952 tabulis
1046 874 1218 975 Iguvinis
1242 874 1523 972 contineantur,
1549 876 1637 953 satis
1656 886 1851 976 appareat,
1872 902 2013 977 eaque,

198 1023 199 1027 ’
291 1054 388 1130 quae
412 1028 616 1105 Bethamus
641 1028 683 1105 in
707 1027 898 1106 Hibernia
929 1052 1056 1126 nuper
1087 1038 1288 1128 exputasse
1313 1026 1387 1105 sibi
1418 1028 1522 1106 visus
1555 1038 1634 1124 est,
1672 1053 1751 1105 non
1781 1028 1908 1105 minus
1938 1056 2016 1129 pro

289 1207 396 1257 mero
421 1179 568 1279 ingenii
593 1183 680 1257 lusu
700 1173 879 1258 habenda
903 1178 992 1275 sint,
1019 1204 1132 1278 quam
1141 1178 1273 1281 priora
1299 1182 1502 1258 doctorum
1525 1178 1566 1256 in
1579 1181 1688 1258 Italia
1713 1180 1887 1258 virorum
1899 1180 2016 1258 inter-

211 1304 215 1311 *
290 1331 471 1434 pretendi
500 1333 692 1433 pericula,
730 1333 782 1408 de
814 1331 954 1433 quibus
983 1330 1056 1410 Dr.
1082 1333 1299 1433 Kaempfius
1323 1332 1365 1408 in
1401 1357 1471 1409 suo
1496 1331 1769 1411 Umbricorum
1804 1333 2018 1434 specimine

291 1485 418 1587 primo
442 1509 529 1584 pag.
556 1488 605 1579 8.,
639 1484 717 1561 »etsi
743 1485 794 1560 de
819 1483 988 1560 certiore
1012 1486 1175 1584 quadam
1198 1484 1517 1586 interpretatione
1541 1487 1638 1562 male
1663 1487 1885 1588 desperans,
1910 1498 2019 1563 recte

292 1647 417 1714 tamen
438 1635 649 1736 judicavit,
683 1661 750 1713 eos
773 1636 912 1736 majori
935 1635 1083 1738 patriae
1114 1636 1273 1714 caritate
1298 1662 1387 1714 usos
1411 1662 1512 1734 esse,
1546 1664 1659 1739 quam
1688 1619 1861 1716 veritatis
1886 1664 2018 1715 amore

292 1801 359 1867 aut
383 1800 491 1866 certe
515 1787 730 1888 sagacitate.
767 1788 948 1872 Quamvis
961 1789 1080 1869 multa
1104 1790 1231 1866 adhuc
1257 1791 1421 1868 obscura
1445 1789 1534 1886 sint,
1559 1816 1657 1891 quae
1671 1762 1833 1870 aliorum
1855 1793 2018 1868 fortasse

293 1942 476 2043 sagacitas
502 1942 662 2042 aperiet,
702 1943 848 2020 certius
865 1922 998 2018 ¹tamen
1019 1942 1098 2041 jam
1123 1940 1351 2041 perspicere
1374 1925 1594 2049 possumus,
1627 1969 1702 2042 qua
1725 1941 2019 2046 propinquitate

294 2097 577 2195 conjungantur
601 2094 744 2194 singuli
769 2095 912 2171 veteris
937 2092 1071 2170 Italiae
1094 2093 1243 2193 populi.
1341 2173 1347 2200 ⁸
