4244 5722
1006 601 1252 663 ..40-

258 744 462 849 Plerumque
483 774 593 827 tamen
615 763 893 827 verborumordo
916 761 997 826 adeo
1018 765 1083 828 sibi
1104 772 1256 827 constare
1272 765 1368 843 solet,
1390 774 1428 827 ut
1448 762 1638 828 mirandum
1657 766 1712 843 sit,
1735 783 1798 828 cur
1818 766 1852 827 in
1872 775 1993 850 quarta

261 884 376 947 tabule
396 883 566 945 numerale
587 879 732 968 τρε(φ)
753 902 883 967 semper
903 893 1131 961 antennomem
1154 883 1188 943 in
1209 892 1300 944 sexta
1320 886 1522 968 septimaque
1543 892 1660 947 contra
1679 894 1753 967 post
1767 903 1888 947 nomen
1906 905 1994 947 sem·

262 1021 324 1086 per
342 1002 489 1085 positum
509 1002 564 1078 sit,
588 997 862 1083 quemadmodum
883 1002 917 1061 in
938 1009 1049 1062 sextae
1071 999 1201 1063 tabulae
1224 1002 1322 1063 initio
1343 1021 1474 1085 sempor
1491 1004 1584 1084 peico
1604 1012 1731 1081 mereto,
1750 1006 1845 1083 peicc
1865 1013 1994 1084 mereto,

263 1116 320 1181 sed
349 1127 466 1182 mereto
497 1116 627 1199 accim,
660 1117 824 1198 merstoQ‘)
855 1117 1003 1201 englam
1036 1120 1200 1202 scriptum
1230 1118 1366 1205 legitur.
1411 1117 1569 1183 Ceterum
1596 1121 1811 1204 repetitiones
1832 1118 1996 1203 quaedam

260 1236 475 1323 singulares„
488 1247 526 1299 ut
546 1237 636 1302 detto
657 1239 783 1300 stoicae
804 1236 893 1321 detto
915 1235 977 1311 Vl,
989 1256 1020 1314 a,
1031 1239 1082 1302 64.
1105 1256 1167 1319 pro
1190 1237 1279 1301 deito
1300 1239 1407 1303 ataias
1427 1237 1491 1317 VI,
1503 1258 1534 1318 a,
1546 1242 1597 1305 65.
1618 1240 1690 1303 sive
1710 1248 1798 1303 etuto
1818 1237 1927 1317 V1‚a‚
1941 1242 1993 1305 63.

263 1374 386 1419 eruca
406 1353 469 1434 IV,
481 1358 589 1433 a,21.,
622 1357 753 1417 nonnisi
775 1374 793 1417 e
813 1364 1003 1439 permutato
1024 1355 1207 1418 verborum
1228 1353 1348 1420 ordino
1367 1366 1464 1420 natac
1484 1355 1654 1435 ridentur,
1687 1359 1744 1440 qui
1766 1358 1909 1420 maxime
1932 1357 1996 1417 mi·

261 1471 384 1535 raudus
405 1475 510 1537 estin
530 1472 595 1536 hoc
615 1473 707 1536 loco:

251 1630 253 1634 »
304 1589 367 1670 VI,
380 1612 409 1668 a,
422 1596 474 1657 16.
493 1601 659 1673 proseseto
681 1612 754 1655 erus
775 1592 863 1657 ditur
886 1612 945 1656 eno
966 1592 1105 1658 scatsero
1126 1594 1279 1658 vestitior
1300 1612 1372 1657 erus
1394 1612 1533 1676 cooegos
1553 1595 1668 1659 diruto.

382 1711 417 1771 in
439 1720 592 1795 prosecto
616 1712 856 1774 incantationes
877 1708 998 1774 dicito:
1021 1719 1094 1773 tum
1114 1712 1224 1776 molam
1244 1712 1413 1776 libaminis
1434 1714 1674 1776 incantationes
1696 1730 1855 1794 spargens
1876 1708 1994 1776 dicito.

263 1828 429 1910 Quoniam
450 1804 539 1891 enim
550 1827 628 1906 vn,
640 1830 734 1907 a‚·38.
747 1828 833 1892 nihil
855 1830 922 1893 nisi
942 1831 1095 1896 vestiatur
1115 1850 1187 1895 erras
1208 1829 1427 1925 ditolegitur,
1449 1830 1699 1894 verbascolseto
1721 1848 1859 1911 conegos
1879 1825 1994 1890 direr-

261 1947 306 2008 sis
328 1946 412 2009 locis
432 1949 558 2009 inserta
579 1957 815 2035 agnoscuntur.

426 2063 597 2127 Hactenus
625 2065 723 2127 haec:
753 2084 829 2126 nam
858 2084 960 2145 quum
988 2069 1025 2127 in
1052 2067 1217 2148 particula
1245 2063 1304 2128 IX.
1327 2065 1564 2129 Umbricorum
1584 2065 1825 2130 vocabulorum
1846 2062 1994 2125 indicem

261 2185 379 2245 sistere
399 2152 574 2262 tentarem,
596 2192 664 2246 tam
685 2183 802 2261 multa,
825 2184 925 2245 atium
945 2185 981 2243 in
1001 2181 1053 2243 his
1074 2183 1217 2271 plagulis
1238 2185 1372 2267 scripta,
1394 2185 1582 2248 accuratius
1603 2192 1776 2269 perspecta
1797 2184 1994 2257 retractavi,

259 2310 299 2363 ut
319 2319 443 2364 novum
465 2319 558 2385 opus,
581 2301 758 2364 rudimento
779 2300 912 2383 liuguae
936 2300 1102 2365 Umoricae
1121 2305 1156 2366 io
1176 2304 1401 2387 grammaticae
1421 2302 1552 2383 formam
1575 2302 1715 2381 redacto,
1737 2303 1856 2365 omissa
1878 2319 1995 2362 rerum

260 2421 471 2500 tractatione,
493 2419 655 2504 perficere
675 2422 778 2486 satius
799 2417 883 2482 mihi
904 2421 1014 2483 visum
1035 2421 1088 2483 sit.
