4244 5722
864 605 917 658 ..'
966 611 1008 678 ῃ
1070 639 1112 656 ..

128 784 270 851 cornicis
290 779 470 869 augurium
489 776 613 842 leetum
632 774 765 842 reddat:
796 795 904 860 nepus
924 774 1005 839 heac
1029 771 1218 838 differentia
1239 774 1317 840 inde
1337 785 1449 862 potest
1466 777 1640 863 explicari,
1661 775 1751 862 quod
1770 776 1847 843 Ser·
1918 744 1926 759 .

125 906 200 970 vius
224 899 267 964 ed
288 895 595 986 vapulasse
616 897 799 975 annotavit,
820 897 946 958 oscines
965 894 1071 979 boum,
1087 904 1257 978 praepete
1278 894 1402 975 (alites)
1422 895 1524 958 males
1543 897 1645 958 tuisse
1665 905 1701 960 et
1719 878 1865 975 centres

126 1040 228 1105 qnam
248 1020 284 1081 in
304 1017 369 1079 hoc
390 1034 520 1098 qnoque
540 1031 608 1076 non
627 1015 834 1079 consentient
854 1012 983 1096 populi.
1012 1010 1147 1074 Nostris
1167 1011 1349 1090 majoribus
1364 1010 1500 1076 dextera
1519 1012 1662 1079 meliore
1674 1015 1746 1078 risa
1767 1032 1848 1093 esse,

126 1136 311 1201 Grimmius
331 1137 369 1196 in
389 1131 630 1215 Germanorum
649 1130 858 1219 mythologie
877 1151 910 1214 p.
932 1133 994 1197 esa
1013 1149 1061 1212 sq.
1083 1130 1231 1209 monuit3
1252 1128 1360 1192 nihilo
1381 1132 1488 1192 secius
1508 1131 1545 1192 in
1563 1128 1754 1216 Appendice
1772 1151 1846 1220 pag.

125 1252 322 1319 xxxvsst
346 1251 487 1339 legitur:
511 1249 621 1314 »Dum
638 1250 706 1312 iter
725 1246 862 1333 aliquod
882 1249 1019 1327 iaciunt,
1040 1249 1070 1308 si
1082 1247 1254 1310 cornicula
1273 1266 1315 1309 ex
1334 1249 1469 1311 sinistre
1483 1266 1602 1309 eornm
1621 1250 1658 1311 in
1679 1245 1847 1312 dexteram

128 1374 214 1440 »illis
236 1371 420 1434 cantaverit
444 1368 500 1431 vel
527 1354 692 1432 vomuerit
723 1366 786 1442 (ei.
803 1366 908 1452 virg.
929 1365 999 1431 Ecl.
1017 1365 1078 1444 IX,
1097 1368 1142 1431 14
1159 1365 1240 1448 up),
1272 1362 1349 1428 inde
1379 1384 1415 1428 se
1450 1374 1585 1451 sperent
1614 1365 1737 1430 habere
1770 1386 1847 1450 pro·

77 1574 82 1581 ἱ
130 1509 282 1577 »sperum
302 1490 400 1550 itere.
1125 1550 1127 1560 ,
1531 1460 1533 1471 ’

289 1606 340 1672 18.
381 1604 470 1666 Bene
491 1599 611 1696 Cicero
631 1600 672 1666 de
693 1600 761 1670 div.
782 1600 828 1680 II,
844 1600 909 1680 39,
930 1618 1034 1686 quum
1053 1598 1155 1666 dixitt
1185 1600 1310 1667 »Nobis
1330 1601 1465 1664 siniena
1484 1597 1652 1682 videntur,
1681 1598 1794 1681 Grejis
1814 1609 1848 1663 et
1939 1656 1942 1662 .

128 1725 295 1792 »barbaris
317 1720 446 1800 dextre,
466 1719 639 1798 meliora«,
661 1716 806 1782 eddidit=
840 1739 1043 1803 »quenquam
1064 1716 1153 1781 baud
1173 1721 1304 1807 ignom,
1326 1738 1409 1801 qnae
1429 1719 1516 1781 bona
1536 1720 1613 1799 sint,
1634 1720 1769 1782 emises
1787 1726 1868 1782 nos‘

129 1843 271 1920 edicere,
293 1841 422 1903 etiamsi
443 1837 561 1917 dextre
580 1839 664 1916 sint,
684 1835 742 1900 sed
761 1847 852 1900 certe
871 1839 979 1900 nostri
999 1838 1170 1899 sinistrum
1190 1838 1456 1915 nominaverunt,
1477 1837 1670 1920 externique
1683 1832 1848 1912 domm,

16 1954 19 1959 ’
128 1963 226 2045 »qnia
244 1959 442 2044 plerumque
461 1956 581 2018 melius
601 1953 639 2018 id
657 1953 865 2019 videbatur«.
898 1954 1040 2018 Umbros
1055 1953 1445 2036 quoquautllomenos,
1466 1954 1600 2016 sinistra
1615 1951 1736 2016 dixisse
1749 1950 1848 2027 bona,

127 2099 146 2142 e
166 2078 281 2142 verbis
300 2052 469 2155 uerstaff')
497 2071 631 2152 ουσία),
659 2070 830 2151 nerstolf)
856 2071 1009 2154 aeglaff)
1035 2069 1099 2149 Vl,
1118 2070 1190 2148 b‚‹³
1205 2090 1254 2154 sq.
1277 2069 1496 2158 intelligitur,
1524 2074 1560 2134 in
1581 2070 1701 2155 quibus
1722 2071 1848 2156 oscines

126 2217 214 2277 aues,
237 2195 333 2258 alites
351 2212 436 2256 vero
457 2190 575 2274 anglae
595 2209 621 2256 s.
643 2190 772 2273 aquilae
793 2186 862 2250 dici
881 2185 1051 2252 videntur.
1095 2184 1284 2249 Secundum
1309 2188 1457 2252 retum:
1490 2188 1642 2253 »Orsines
1667 2208 1745 2251 ever
1763 2187 1848 2273 App.

129 2313 308 2378 »Claudius
328 2330 398 2374 esse
417 2312 478 2390 ait,
499 2327 583 2392 quse
604 2326 663 2370 ore
684 2314 838 2370 ementes
856 2308 980 2369 iaciant
999 2307 1194 2389 euspicium,
1215 2315 1255 2369 nt
1274 2325 1405 2386 corvus,
1428 2309 1556 2387 cornix,
1576 2316 1717 2383 noctue;
1741 2305 1847 2386 alitis,

128 2451 232 2516 aquae
252 2431 315 2493 elis
334 2447 374 2492 ec
392 2397 521 2506 volatu,
543 2435 583 2489 ut
600 2425 719 2502 buteo,
734 2423 910 2506 sanqualis,
932 2422 1054 2507 equile,
1075 2425 1288 2504 immissulus,
1307 2423 1493 2488 vulturius:
1515 2426 1610 2508 piens
1630 2434 1739 2488 eutem
1755 2421 1848 2486 reas

129 2553 214 2612 »tius
234 2549 459 2629 Feroniusque
480 2553 513 2607 et
533 2563 635 2627 parre
662 2552 696 2605 et
715 2544 752 2604 in
772 2541 939 2603 oscinibus
967 2543 1057 2603 etin
1085 2541 1220 2608 alitibus
1248 2541 1449 2610 habentem
1484 2538 1575 2604 Idem
1600 2542 1711 2604 Festus
1738 2550 1847 2604 tamen
1954 2579 1957 2583 -

127 2668 280 2750 scripsit:
304 2663 450 2727 Oscinam
470 2657 655 2744 tripudium
676 2668 737 2735 est,
759 2655 849 2741 quod
869 2660 938 2720 oris
959 2667 1060 2720 cantu
1078 2658 1241 2743 significat
1261 2655 1342 2741 qnid
1361 2640 1529 2742 portendi,
1552 2679 1627 2721 cum
1641 2661 1762 2722 cecinit
1775 2677 1848 2720 cor·

127 2804 200 2860 vus,
223 2783 352 2859 cornix,
374 2789 506 2855 noctua,
528 2795 638 2862 parre,
659 2777 792 2860 picust3
813 2784 911 2858 etque
931 2776 1092 2837 Horatius
1113 2751 1177 2840 1.1Ι
1192 2795 1268 2837 cnm
1287 2777 1363 2860 pico
1383 2796 1501 2863 vegam
1522 2779 1690 2839 cornicem
1711 2777 1848 2856 conjun-

126 2902 195 2977 xit,
224 2894 265 2959 de
284 2907 406 2959 noctua
430 2877 589 2977 tanquam
608 2903 771 2956 nocturna
795 2894 851 2954 evi
877 2912 1015 2977 prorsus
1046 2893 1160 2955 tacuit.
1205 2879 1414 2958 lateraliter
1441 2892 1728 2981 distinguebantur
1748 2896 1848 2956 etiam

43 3070 52 3081 ,
124 3024 292 3097 praepetes
312 3035 337 3079 s.
361 3007 476 3078 οἰωνοὶ
486 3006 729 3094 .τανωπέρι>γες
748 3009 849 3073 Hom.
868 3010 915 3075 Jl.
936 3008 1014 3088 XII,
1035 3011 1107 3076 137.
1130 3018 1165 3073 et
1183 3007 1320 3091 inferas,
1343 3009 1428 3077 Gell.
1450 3011 1496 3073 N.
1515 3012 1555 3077 Δ.
1578 3010 1682 3091 Vl,6.
1705 3020 1738 3072 et
1752 3009 1846 3075 Serv·

127 3133 170 3195 ed
191 3133 289 3220 Virg.
312 3130 351 3192 Δ.
374 3128 522 3209 1113359.
544 3149 686 3211 quarum
704 3137 871 3210 praepetes
891 3127 1021 3191 easdem
1042 3147 1110 3189 esse
1131 3138 1225 3208 puto,
1253 3148 1332 3212 quas
1353 3128 1435 3213 App.
1459 3128 1614 3193 Claudius
1634 3131 1730 3192 alites
1752 3127 1846 3208 dixit,

126 3251 253 3328 inferas
280 3266 364 3312 vero
391 3266 486 3325 eves,
517 3266 603 3330 quae
632 3256 667 3310 et
695 3248 732 3308 in
764 3245 929 3309 oscinibus
956 3254 991 3307 et
1015 3247 1052 3307 in
1079 3245 1214 3309 alitibus
1235 3245 1449 3311 habebantur.
1491 3247 1530 3308 Iu
1550 3246 1701 3334 Iguvinis
1726 3247 1848 3311 tabulis

128 3380 245 3432 contre
265 3365 516 3453 distinguuntur
536 3383 613 3428 aves
631 3368 785 3444 peueiar
805 3374 839 3427 et
856 3367 1026 3446 posterior
1044 3383 1072 3428 s.
1097 3365 1226 3447 priores
1248 3375 1281 3427 et
1308 3367 1523 3449 posteriores,
1551 3363 1645 3447 'qnod
1670 3365 1847 3428 discrimen

126 3485 292 3569 equidem,
314 3504 417 3568 quum
438 3483 507 3547 loci
526 3484 656 3546 ratione
676 3481 788 3549 habita
808 3480 963 3545 dexterae
983 3492 1017 3546 et
1036 3483 1189 3544 sinistrae
1210 3501 1286 3544 aves
1307 3479 1563 3570 distinguentur,
1585 3495 1724 3568 propter
1744 3502 1848 3570 engir-

127 3609 259 3669 riornm
287 3602 548 3666 combinationes
576 3598 618 3663 ed
639 3609 773 3684 tempus
800 3597 1011 3663 referendum
1038 3609 1131 3685 puto.
1174 3598 1331 3663 Ceterum
1358 3601 1489 3663 lellitur
1514 3602 1687 3681 Lutatius,
1720 3602 1779 3682 qui
1807 3597 1849 3661 ad

125 3723 185 3784 lib.
209 3722 267 3785 111.
290 3718 477 3783 Thebaidos
498 3719 687 3796 annotarit,
720 3719 870 3780 infelices
892 3701 968 3781 eves
989 3716 1058 3779 dici
1087 3711 1246 3780 feminine
1268 3738 1403 3805 genere,
1435 3721 1547 3782 felices
1577 3719 1774 3781 masculino:
1812 3719 1848 3778 in

125 3841 281 3928 Iguvinis.
295 3847 385 3901 certe
407 3837 528 3900 tabulis
546 3837 641 3918 pierre
660 3837 788 3918 et'piea
806 3838 883 3920 peri
902 3845 979 3899 sunt
999 3836 1159 3909 honore„
1179 3835 1241 3898 Ille
1260 3837 1336 3920 pice
1356 3846 1478 3916 autem,
1499 3857 1601 3918 quum
1622 3839 1716 3899 corvi
1736 3835 1848 3898 locum

127 3958 284 4036 obtineat,
307 3957 400 4036 eujus
420 3953 619 4017 Prudentius
640 3957 769 4039 pariter
788 3974 826 4016 ac
848 3953 980 4018 Plautus
1002 3964 1036 4017 et
1053 3954 1218 4018 Horatius
1247 3956 1414 4034 meminit,
1444 3957 1582 4018 fortusse
1610 3975 1676 4018 non
1703 3965 1752 4017 est
1772 3956 1848 4034 pica

125 4079 234 4155 vade,
267 4074 464 4163 garrulitate
484 4092 544 4135 sue
565 4061 718 4151 infamis,
749 4070 806 4134 sed
824 4075 902 4154 pico
920 4071 1096 4156 glandaria
1115 4070 1217 4136 Plinii
1237 4093 1264 4138 s.
1286 4090 1400 4137 comas
1427 4080 1670 4161 caryocatactes
1693 4047 1846 4149 Linnaei,

125 4195 222 4259 κίσσα
244 4192 458 4257 Graecorum.
503 4191 742 4274 imperativum
761 4209 1023 4280 κυμπιφιατε
1043 4189 1149 4270 IV,e,
1167 4192 1216 4256 11
1240 4192 1307 4272 jem
1327 4194 1364 4254 in
1384 4190 1526 4254 secunda
1547 4191 1711 4276 particula
1732 4188 1761 4272 ξ.
1782 4191 1846 4267 31,

125 4320 165 4373 ut
183 4332 286 4398 seps
305 4329 400 4374 reae
420 4308 595 4374 IxeFtrs
612 4286 644 4394 5
665 4310 730 4388 st„
752 4308 920 4393 explicere
940 4318 1074 4372 conetur
1096 4327 1179 4373 sum.
1220 4309 1273 4371 An
1293 4309 1389 4387 Fae,
1414 4306 1503 4393 qnod
1524 4311 1559 4371 in
1580 4309 1751 4393 superiore
1771 4325 1847 4391 per·

124 4428 230 4493 ticula
250 4426 278 4509 5.
300 4428 368 4509 24,
397 4429 484 4490 sicut
503 4446 603 4512 supra
632 4427 664 4511 5.
685 4429 730 4505 b,
762 4445 838 4489 enm
863 4424 992 4489 Graeco
1020 4424 1181 4490 adverbio
1207 4417 1244 4495 sd
1270 4429 1472 4511 comparavi,
1504 4436 1660 4511 unquam
1691 4434 1844 4489 neumam

33 4534 36 4547 ²
125 4547 267 4632 pluralis
289 4546 420 4609 numeri
439 4542 482 4608 sd
502 4541 645 4609 aneeia
666 4542 878 4608 reterendum
896 4547 952 4625 sit,
972 4542 1157 4626 dijudicare
1178 4547 1307 4624 nesei03
1340 4545 1519 4610 ersela
1545 4564 1627 4608 vero
1655 4546 1765 4607 evium
1786 4559 1844 4601 eu·

125 4669 223 4754 geria
244 4667 471 4750 interpretor,
496 4671 535 4725 nt
554 4663 586 4728 F
590 4676 754 4752 arrepap
776 4661 1010 4753 aFaeelsepe
1030 4662 1160 4744 {averte
1181 4666 1283 4728 ariera
1303 4666 1463 4745 aafflrio,
1498 4673 1596 4747 atque
1620 4664 1649 4727 si
1669 4657 1844 4726 attexta

125 4805 197 4849 aas
217 4786 387 4867 auguriari
408 4782 515 4864 capito
535 4782 712 4868 signilicpt,
731 4782 812 4847 Fea
831 4800 1017 4865 ssereret
1039 4782 1122 4846 bose
1142 4785 1243 4847 osam
1262 4781 1421 4866 explicari
1441 4791 1557 4866 potest

273 4904 339 5012 0¹⁹·
381 4900 420 4962 H
424 4895 634 4987 pareFeae
659 4919 686 4970 s.
712 4902 888 4983 primtar
913 4900 1102 4965 suffimenta
1130 4900 1302 4989 designare
1329 4902 1364 4962 in
1392 4896 1534 4963 secunde
1553 4895 1717 4982 particule
1735 4895 1766 4978 5.
1789 4896 1840 4960 31.
