4244 5722
990 629 1235 695 -36..

224 799 344 862 =0scae
364 795 501 882 linguae
522 789 677 857 dialectis
696 810 766 856 non
788 792 924 880 legitur.
966 792 1066 855 Licet
1083 810 1161 855 cum
1182 790 1315 854 Latinis
1336 787 1505 856 adverbiis
1525 810 1636 876 ecquo,
1659 792 1834 876 ecquando,
1855 812 1998 881 compa·

237 912 382 979 randum
403 913 573 990 videatur,
605 930 672 975 non
700 918 813 977 umen
840 912 1093 999 interrogativi,
1127 907 1186 973 sed
1214 909 1351 971 relativi
1382 907 1548 990 adverbii,
1581 931 1658 974 cum
1684 914 1932 998 praepositione
1955 909 1999 975 ek

238 1034 427 1116 compositi,
448 1034 520 1097 vim
541 1029 660 1095 babet:
684 1030 807 1095 ebloni
826 1031 917 1093 enim
936 1050 971 1093 v.
998 1032 1045 1095 15.
1070 1026 1184 1091 eadem
1207 1031 1339 1091 rationo
1358 1025 1402 1090 ad
1416 1028 1717 1096 demonstrativum
1736 1032 1864 1113 iok(eo)
1885 1052 1917 1096 v.
1936 1035 1992 1098 lb'·

238 1154 400 1231 refertur,
423 1170 489 1235 qua
508 1170 580 1233 pom
601 1170 632 1214 v.
656 1150 707 1213 12.
729 1146 772 1211 ad
792 1146 848 1213 ist
867 1170 900 1215 v.
923 1151 988 1230 lt,
1009 1145 1089 1210 dum
1111 1146 1193 1210 haec
1214 1147 1279 1211 sibi
1300 1146 1517 1231 respondent:

318 1290 353 1335 v.
377 1273 417 1335 ll
438 1288 507 1352 sqq.
531 1267 588 1334 iok
610 1260 845 1349 trs'boroleln'vf,
863 1285 937 1349 pom
956 1264 1128 1333 Nestorea
1150 1264 1331 1330 tribulator
1352 1276 1438 1331 taret
1458 1276 1523 1331 cet
1561 1274 1568 1316 '-

319 1408 354 1453 v.
376 1389 417 1456 15
439 1406 511 1469 sqq.
534 1387 655 1453 ellani
675 1386 790 1468 ecoipd
807 1380 970 1451 Adelloro
994 1382 1171 1450 tribololsoi
1193 1393 1288 1463 tosct,
1310 1384 1365 1451 iol
1386 1382 1614 1465 tribodollls‘of
1631 1397 1693 1453 oet.

407 1503 449 1567 In
469 1502 535 1585 bis,
557 1527 658 1590 quum
680 1503 796 1570 eadem
817 1507 889 1567 iere
909 1505 1086 1583 sententia,
1109 1505 1172 1567 etsi
1192 1505 1327 1566 inverso
1340 1501 1470 1584 ordine,
1487 1504 1630 1601 legatur,
1650 1505 1771 1571 obtorti
1790 1508 1863 1571 sine
1883 1503 1990 1569 dubio

238 1622 329 1689 idem
347 1621 526 1713 significat,
548 1622 639 1708 quod
666 1624 849 1689 relativum
875 1621 1075 1688 adverbium
1092 1642 1179 1705 pon,
1200 1619 1289 1706 quod
1310 1643 1413 1705 quum
1439 1621 1483 1686 ad
1501 1621 1592 1686 idem
1613 1620 1912 1691 demonstrativum
1933 1624 1995 1690 ist

239 1744 311 1807 sive
330 1741 387 1809 iol
417 1745 600 1824 referatur,
631 1744 669 1805 in
701 1741 962 1815 determinative
994 1761 1073 1805 casn
1103 1742 1257 1804 seminini
1287 1743 1421 1828 generis
1451 1760 1516 1826 pro
1546 1758 1613 1825 qno
1630 1748 1727 1823 purte
1753 1746 1900 1826 positum
1927 1750 1995 1805 ost.

238 1858 390 1944 Quodsi
411 1860 538 1926 elslrooro
557 1858 649 1924 idem
670 1860 849 1949 significat,
880 1858 972 1946 quod
992 1860 1123 1942 ellumi,
1146 1878 1213 1923 non
1234 1860 1343 1923 solum
1363 1860 1496 1923 vocales
1518 1880 1541 1924 rs
1562 1869 1596 1924 et
1615 1880 1648 1939 o,
1670 1861 1759 1923 sicut
1778 1862 1816 1922 in
1834 1860 1998 1925 ablativis

238 1980 297 2046 inlr
317 1990 352 2044 et
371 1979 427 2046 tot
448 1990 523 2060 cet,
545 1977 603 2043 sed
624 1982 726 2043 etiam
749 1990 967 2045 consonantes
986 1999 1009 2061 p
1030 1989 1065 2043 et
1085 1979 1106 2044 1
1127 1980 1165 2042 in
1182 1998 1256 2061 pom
1278 1988 1312 2042 et
1333 1977 1461 2043 ellone
1480 1980 1554 2043 sive
1569 1979 1700 2052 ottoni.
1721 1979 1899 2060 inquibus
1921 1989 1998 2042 ter·

239 2099 383 2162 minatio
404 2117 538 2182 qnoque
559 2101 682 2177 variat,
705 2101 795 2162 iuter
815 2118 851 2160 se
872 2099 1061 2182 permutari
1081 2098 1242 2163 solebant.
1284 2098 1406 2161 Vocali
1425 2100 1440 2165 i
1459 2099 1497 2160 iu
1517 2100 1671 2180 sequenti
1691 2114 1775 2161 voce
1798 2096 1997 2162 triidolokoc

238 2234 309 2279 non
329 2213 500 2304 designari
521 2214 720 2301 productam
742 2215 917 2294 syllabam,
945 2217 1121 2275 onomine
1143 2219 1274 2279 trir'dom
1295 2218 1332 2274 iu
1353 2215 1553 2298 Pompeiana
1574 2216 1793 2300 inscriptione
1812 2215 1877 2297 jem
1898 2212 1994 2278 didi·

239 2335 363 2397 cimw
386 2331 581 2419 designatur
601 2333 710 2420 igitur
732 2330 893 2396 tribulosa
914 2332 1010 2417 regio
1032 2332 1123 2394 inter
1133 2329 1303 2395 Nolanum
1324 2330 1632 2414 etqueAbellanum
1652 2354 1772 2421 agrum
1792 2334 1868 2413 sita,
1889 2351 1998 2416 quam

237 2454 368 2514 sicum
387 2449 617 2511 Romanorum
641 2446 802 2513 tribulosa
824 2458 912 2511 terro
936 2448 989 2512 vel
1016 2444 1224 2511 Graecorum
1251 2446 1536 2537 τριβολοέσσῃ
1561 2448 1609 2537 γῇ
1637 2470 1821 2537 compares,
1851 2458 1999 2537 praeter

240 2568 373 2635 vocales
394 2587 415 2629 o
435 2575 470 2630 et
490 2586 512 2629 o
531 2566 605 2629 sive
625 2584 648 2628 ts
678 2576 897 2629 consonantes
919 2585 936 2628 s
958 2566 1033 2629 etll
1055 2586 1186 2650 quoque
1213 2576 1457 2651 permutantur.
1501 2566 1677 2631 Praeterea
1703 2572 1741 2629 in
1769 2570 1856 2631 locis
1887 2584 2000 2651 supra

241 2686 445 2769 comparatis
466 2704 534 2747 non
555 2684 665 2747 solum
685 2684 830 2771 genitivi
852 2682 1034 2749 tribulatos
1058 2693 1093 2747 et
1115 2683 1292 2748 tribololoi
1322 2694 1390 2748 tam
1418 2686 1454 2746 in
1475 2704 1504 2762 e,
1535 2704 1634 2767 quam
1663 2687 1701 2747 in
1728 2686 1742 2748 i
1768 2694 1903 2765 exeunt,
1934 2684 1998 2749 sed

236 2824 305 2890 ¹pro
327 2803 476 2866 ablativo
499 2799 727 2882 tritaratttuf
743 2802 845 2865 ctiam
868 2800 1098 2880 tribodoblsiof
1113 2802 1217 2864 scribi
1239 2805 1365 2886 potuit:
1387 2802 1565 2887 inquibus
1586 2821 1654 2865 non
1676 2802 1787 2867 solum
1807 2821 1996 2869 consonan-

241 2922 329 2987 tium
350 2920 374 3001 l,
396 2941 424 3001 r,
440 2920 479 2998 d,
501 2916 559 2981 sed
578 2918 750 2983 vocalium
770 2939 900 3000 quoque
921 2939 953 2997 o,
975 2939 1007 2999 o,
1028 2938 1062 2996 ts,
1084 2923 1287 3003 permutatio
1309 2918 1455 2984 notanda
1476 2930 1536 2985 est.

410 3035 517 3120 Quod
536 3037 705 3124 genitivus
732 3037 771 3097 in
797 3056 836 3098 oe
864 3036 917 3099 vel
944 3038 980 3100 oi
1005 3053 1068 3118 pro
1090 3055 1129 3099 os
1150 3037 1311 3101 Bantinae
1331 3037 1463 3102 tabulae
1491 3049 1597 3120 exeat,
1627 3058 1695 3102 nou
1715 3050 1766 3105 est
1785 3037 1993 3120 mirandum,

241 3161 322 3243 quia
343 3154 458 3221 cadem
479 3154 663 3218 leressexio
684 3155 722 3214 in
742 3153 959 3236 aliisquoque
980 3152 1256 3237 inscriptionibus
1278 3155 1424 3241 legitur3
1445 3160 1551 3244 magis
1572 3157 1745 3221 mirandus
1766 3169 1852 3223 esset
1871 3157 1999 3222 ablati·

241 3298 305 3342 vus
325 3278 363 3339 iu
382 3276 427 3358 uf
443 3275 501 3340 vel
522 3272 565 3355 of
581 3291 645 3359 pro
667 3270 710 3353 of
725 3274 798 3337 sivo
819 3272 863 3336 od
882 3271 1046 3359 desinens,
1072 3273 1140 3334 nisi
1168 3275 1206 3333 in
1232 3272 1385 3359 Iguvinis
1411 3293 1545 3358 quoque
1574 3276 1696 3339 tabulis
1721 3274 1836 3339 eadem
1857 3278 2001 3362 generis

238 3394 448 3481 permutatio
470 3391 717 3456 observaretur.
761 3390 834 3454 Imo
854 3391 1073 3454 masculinam
1092 3391 1272 3454 flexionem
1291 3392 1329 3454 in
1349 3392 1500 3457 ablativo
1520 3412 1599 3456 casu
1619 3413 1684 3476 pro
1704 3395 1876 3475 feminina,
1904 3397 2003 3458 sicut

242 3532 358 3577 omues
379 3511 542 3587 Ausones,
565 3512 666 3574 ctiam
687 3511 819 3595 antiqui
836 3510 1064 3573 Romanorum
1085 3512 1279 3596 scriptores,
1302 3513 1362 3594 qui
1382 3531 1401 3576 e
1422 3514 1593 3575 contrario
1613 3532 1713 3599 saepe
1732 3516 1769 3577 in
1788 3514 2002 3577 masculino-

243 3654 322 3696 rum
350 3632 560 3695 nominativo
589 3632 749 3693 feminina
777 3630 922 3693 flexione
949 3630 1003 3692 uti
1030 3629 1193 3710 solebant,
1218 3648 1394 3713 usurpasse
1414 3628 1583 3694 videntur.
1630 3631 1724 3695 Hinc
1743 3642 1835 3696 recte
1857 3630 2003 3716 quidem

242 3752 357 3815 Festus
377 3771 405 3817 s.
426 3772 459 3815 v.
482 3758 572 3814 recto
592 3748 705 3831 fronto
725 3768 744 3811 e
766 3746 902 3813 Catonis
923 3746 1159 3812 dissertatione
1185 3747 1377 3812 consulatus
1403 3749 1561 3832 scripsit:
1590 3747 1776 3834 »Antiquae
1794 3748 1831 3813 id
1853 3768 2003 3814 consue·

244 3868 392 3938 »tudinis
403 3870 480 3948 luit,
501 3878 542 3933 ut
561 3888 640 3931 cum
660 3870 709 3932 ait
719 3868 848 3931 Ennius
861 3886 995 3953 quoque
1015 3887 1036 3931 a
1056 3868 1159 3949 stirpe
1168 3886 1325 3949 supremo,
1346 3875 1381 3931 ct
1399 3867 1465 3933 llio
1486 3867 1542 3932 dio
1562 3887 1672 3950 nepos,
1694 3879 1729 3933 et
1750 3868 1845 3951 lupus
1857 3869 2001 3948 femine,

246 3978 300 4053 set
319 3987 411 4052 nullo
431 3996 543 4067 metus,
568 4019 606 4034 -
628 4007 714 4072 quae
733 4006 803 4049 non
822 3997 862 4052 ut
881 3988 978 4066 vitia,
1007 3984 1066 4051 scd
1089 3996 1130 4050 ut
1155 3988 1326 4069 antiquam
1353 3983 1626 4049 consuetudinem
1654 3988 1807 4051 testantia
1833 3984 2003 4049 debemus

245 4108 449 4191 »acciperet
493 4104 635 4170 sivero
657 4102 773 4169 addita
798 4106 928 4171 »Etiam
948 4106 986 4167 in
1006 4105 1255 4168 commentariis
1275 4123 1451 4167 sacrorum
1460 4102 1705 4189 pontificalium
1726 4107 1929 4190 frequenter
1951 4114 2003 4169 cst

242 4225 298 4291 hic
318 4227 388 4290 ovis
408 4235 444 4289 et
464 4224 544 4290 boec
563 4244 682 4308 eguus,
704 4224 786 4288 hoec
804 4242 954 4305 porceto«
980 4220 1113 4287 diversa
1134 4233 1186 4288 est
1205 4224 1306 4303 ratio,
1327 4244 1427 4306 quam
1441 4221 1596 4307 pluribus
1609 4221 1665 4285 hic
1685 4224 1860 4289 illustrare
1880 4224 2000 4287 liceat

243 4340 534 4426 Quemadmodum
553 4346 660 4426 neptis
690 4340 875 4407 secundum
894 4339 1047 4406 Nouium
1066 4341 1277 4423 M.111,1tr.
1300 4339 1342 4405 ab
1362 4342 1471 4405 Ennio
1491 4338 1606 4404 cadem
1626 4339 1763 4405 licentia
1782 4362 1886 4425 nepos
1906 4338 2006 4407 dicte

245 4472 306 4543 est,
328 4482 395 4544 qua
415 4463 490 4537 dur,
511 4470 712 4528 auctorest.
733 4462 771 4524 iu
792 4462 956 4524 feminino
978 4478 1111 4545 quoque
1132 4479 1254 4548 genere
1276 4457 1344 4522 dici
1365 4459 1469 4539 solet;
1500 4459 1550 4521 sic
1579 4458 1629 4525 Μ.
1661 4460 1776 4523 Varro
1811 4458 2005 4525 secuudum

244 4579 494 4663 Quintilianum
516 4580 598 4647 Inst.
623 4590 711 4647 orat.
735 4578 884 4659 1,s‚12.‚
916 4579 1062 4643 Ennium
1081 4578 1316 4661 Pictoremque
1336 4558 1474 4641 Fabium
1502 4587 1644 4656 secutus,
1673 4579 1710 4640 in
1731 4597 1773 4641 co
1795 4578 1900 4657 libro,
1930 4598 2004 4664 quo

244 4701 344 4763 initia
362 4699 458 4762 urbis
478 4700 605 4763 Romae
624 4699 812 4776 enamavit,
836 4698 943 4778 lupum
970 4695 1120 4778 seminant
1141 4695 1238 4761 dixit.
1281 4694 1335 4757 De
1355 4696 1463 4759 multa
1482 4704 1594 4760 autem
1614 4694 1747 4761 Gellius
1767 4694 1890 4778 X1,1.,
1914 4716 2005 4781 quo·

244 4836 320 4881 eum
340 4816 470 4883 Plinius
491 4818 538 4884 H.
550 4816 595 4882 N.
607 4815 739 4894 XVIII,
749 4820 781 4883 3.
805 4813 848 4878 de
869 4814 1071 4878 multatione
1099 4817 1215 4879 ovium
1242 4812 1408 4900 boumque
1433 4812 1603 4896 impendio
1630 4812 1722 4879 dictu
1749 4814 2006 4900 comparandus

244 4944 305 5014 est,
326 4936 408 5002 baso
428 4939 625 5002 annotavit:
650 4930 814 5017 »Quando
834 4950 926 4999 nunc
946 4942 1123 5017 quoque'u
1143 4932 1391 5020 magistratibus
1410 4933 1529 5019 populi
1549 4932 1689 4997 Romani
1709 4952 1807 4998 more
1827 4936 2008 5016 majorum
