4244 5722
1032 611 1276 675 ..40-

278 774 353 863 'pro
375 776 520 840 ablativo
542 775 680 858 pluralis
702 775 834 836 numeri
862 772 1091 874 accipiendum
1113 795 1192 853 esse,
1220 785 1259 837 ut
1283 770 1381 859 βερθς
1402 773 1447 854 V,
1457 794 1487 855 a,
1498 776 1561 850 23,
1588 795 1606 838 e
1627 775 1789 864 singulari
1817 768 1870 855 ερι
1890 791 1949 836 aaa
1971 768 2014 848 V,

288 916 319 974 a,
331 901 361 962 6.
384 913 446 976 pro
468 890 545 976 ερες
565 914 640 956 aare
660 894 705 972 V,
717 894 750 971 b,
762 897 812 957 21.
836 896 1058 981 cognoscitur.

452 1008 612 1088 Μενξνε
642 1009 889 1098 Κθρζλασιει
910 1013 955 1091 V,
968 1033 999 1090 a,
1012 1014 1073 1089 17,
1102 1032 1203 1095 quum
1224 1030 1342 1075 messae
1360 1011 1494 1076 Flusure
1514 1015 1550 1074 in
1571 1009 1691 1074 Sabina
1712 1011 1927 1094 idscriptione
1948 1029 2012 1093 pro

287 1151 389 1197 mense
408 1130 533 1196 Florali
554 1132 625 1193 sive
645 1126 749 1216 μηνὸς
768 1129 1044 1217 Ἀνθεστηριῶνος
1065 1132 1209 1214 positum
1231 1149 1299 1192 esse
1320 1128 1486 1208 videatur,
1514 1133 1638 1194 rectius
1659 1132 1799 1193 tortasse
1823 1149 1925 1192 mense
1949 1127 2010 1193 Ju-

287 1255 384 1316 aonio
404 1271 501 1332 quam
522 1251 556 1312 in
585 1268 690 1311 menso
713 1247 840 1312 Corioli
869 1250 940 1310 sive
966 1250 1107 1320 Quiritis
1134 1252 1288 1315 uertitur.
1333 1247 1431 1312 Certe
1457 1245 1706 1336 Κυρζλασιε
1733 1267 1852 1310 nomen
1880 1250 2012 1334 generis

287 1369 465 1432 masculini
487 1387 556 1429 esse
577 1378 673 1449 atque
695 1387 714 1426 a
734 1363 895 1450 Κερετιες
915 1364 977 1447 Ν,
990 1386 1021 1445 a,
1033 1371 1062 1432 4.
1085 1369 1156 1431 sive
1179 1365 1333 1432 Coreds'er
1352 1368 1414 1454 Vl,
1426 1388 1457 1447 a,
1469 1369 1521 1433 45.
1543 1367 1575 1429 h.
1590 1387 1617 1432 e.
1641 1366 1766 1429 Curitis
1788 1369 1922 1429 nomine
1936 1387 2012 1428 cnm

286 1488 390 1552 simili
411 1487 658 1562 terminatione,
681 1504 764 1565 quae
785 1487 821 1544 in
841 1458 1020 1572 πλενᾶσιεῤ
1043 1482 1194 1574 ερνασιερ
1222 1484 1283 1564 111,
1295 1505 1325 1564 a,
1336 1488 1366 1548 2.
1389 1496 1423 1548 et
1445 1464 1484 1552 st
1505 1507 1554 1569 sq.
1577 1496 1611 1549 et
1632 1468 1888 1568 uaoaavauocada
1909 1482 2010 1569 ερνα-

285 1605 385 1690 σιαρθ
406 1605 481 1684 ΙΙ,2
503 1625 552 1687 sq.
576 1603 781 1680 observatur,
810 1600 988 1665 deductum
1002 1574 1152 1667 uidetur.
1201 1603 1337 1666 Dicitur
1364 1614 1472 1666 autem
1503 1602 1590 1688 apud
1616 1603 1826 1666 Macrobium
1852 1600 1885 1666 S.
1907 1601 1935 1680 Ι,
1960 1607 2007 1670 12.

285 1726 406 1790 Junius
427 1725 548 1785 mensis
569 1719 731 1786 Jononiss
753 1719 840 1805 apud
861 1721 999 1783 Latinos
1020 1731 1096 1784 ante
1116 1725 1282 1785 vocitatus
1303 1741 1382 1800 esse,
1405 1719 1527 1804 diuque
1543 1720 1630 1806 apud
1650 1723 1806 1784 Aricinos
1826 1719 2009 1785 Praenesti·

286 1863 412 1926 nosque
431 1842 493 1904 hac
514 1841 737 1926 appellatIone
758 1835 794 1901 in
815 1842 916 1901 fastos
936 1841 1075 1903 relatus.
1097 1840 1206 1902 -Hinc
1222 1840 1310 1902 Juno
1333 1837 1420 1924 apud
1442 1838 1599 1902 Ovidium
1619 1840 1653 1901 1¹¹.
1675 1839 1736 1919 VI,
1757 1843 1800 1906 59
1820 1860 1885 1923 sqq.
1907 1838 2006 1905 dicit:

530 1958 669 2043 Inspice,
701 1977 782 2041 quos
803 1956 922 2020 habeat
942 1961 1123 2020 nemoralis
1143 1957 1256 2020 Aricia
1278 1960 1389 2036 fastos,

614 2077 655 2137 Et
676 2077 814 2158 populus
835 2076 986 2136 Laurens
1007 2076 1260 2156 Lanuuiumque
1281 2095 1406 2138 meum:

528 2196 585 2256 Est
606 2194 676 2256 illic
697 2197 818 2255 mensis
839 2190 1011 2258 Jononios.
1055 2192 1183 2277 Inspice
1204 2193 1313 2255 Tibur

611 2312 652 2375 Et
672 2311 902 2375 Praenestinae
922 2312 1053 2374 moenia
1074 2330 1167 2373 sacra
1188 2309 1285 2388 deae;

528 2428 690 2494 Junonule
710 2430 798 2516 leges
820 2441 959 2515 tempus.
1066 2491 1073 2505 ,
1551 2502 1554 2505 ,

284 2549 351 2613 Sed
372 2552 401 2611 si
421 2544 535 2630 μενξνε
556 2546 751 2636 Replicare
771 2568 873 2612 mense
893 2548 1043 2614 Junons'o
1065 2549 1239 2636 significat,
1261 2552 1371 2612 nescio
1392 2569 1434 2612 an
1454 2551 1567 2630 verba,
1589 2562 1876 2636 quaesoquuntur,
1899 2550 2003 2639 ῳαζια

281 2666 408 2747 attede)
431 2669 553 2732 laveso
576 2665 683 2754 φερτε
704 2665 805 2729 noeto
826 2665 986 2728 vertenda
1006 2669 1089 2728 sint:
1122 2666 1246 2730 hostius
1268 2669 1375 2732 dictos
1394 2669 1545 2734 Hondias
1565 2669 1664 2749 serto,
1685 2670 1755 2736 scil.
1779 2671 1916 2735 casotum
1938 2681 2003 2737 oet.

446 2784 639 2847 Macrobius
661 2783 693 2846 S.
718 2783 806 2861 t,12.
838 2781 972 2866 quidem
995 2784 1105 2843 Bonae
1134 2783 1225 2845 Deae
1253 2805 1346 2865 sacra
1366 2785 1459 2863 Maio
1481 2807 1591 2850 mense
1612 2789 1774 2852 celebrata
1795 2792 1909 2866 refert,
1942 2788 2005 2853 sed

279 2908 315 2967 in
336 2904 449 2965 multis
472 2904 612 2965 Romani
640 2904 705 2985 ipsi
734 2901 798 2963 sibi
819 2918 886 2963 non
915 2904 1141 2963 consentiunt:
1185 2922 1281 2985 qnam
1311 2905 1399 2964 enirn
1424 2903 1551 2981 Maiam
1577 2906 1637 2967 alii
1666 2907 1831 2991 putabant,
1861 2907 2003 2971 eandem

280 3021 373 3084 deam
395 3021 456 3082 alii
476 3021 627 3096 Junonis,
648 3021 708 3082 alii
729 3021 947 3104 Proserpinae
968 3023 1149 3103 potentiam
1169 3019 1303 3097 habere,
1330 3036 1496 3106 porcaque
1517 3026 1548 3085 ei
1567 3044 1640 3104 ,rem
1661 3023 1806 3088 divinant
1827 3027 1898 3088 fieri
1919 3047 2002 3090 con·

279 3139 467 3205 tenderunt.
511 3137 608 3220 Quod
630 3140 695 3199 nisi
716 3141 922 3200 contrarium
943 3149 1027 3199 esset
1048 3141 1099 3204 iis.
1123 3159 1205 3221 quae
1227 3136 1266 3201 de
1287 3138 1427 3201 Hondae
1449 3141 1566 3203 Joviae
1587 3145 1692 3235 sacris!
1708 3144 1875 3230 leguntur,
1896 3146 2001 3208 verba

279 3257 389 3338 stata
409 3260 568 3338 stalera
588 3256 634 3332 V,
646 3277 676 3333 a,
692 3256 740 3320 18.
762 3267 837 3337 post
857 3257 937 3321 Ftva
957 3259 1050 3337 quasi
1070 3257 1158 3319 melle
1177 3258 1295 3321 snellito
1317 3277 1357 3318 ex
1379 3277 1418 3320 eo
1447 3260 1692 3344 interpretanda
1712 3271 1882 3347 putarem,
1912 3262 1998 3345 qnod

278 3375 459 3439 secundum
479 3373 692 3438 Macrobium
713 3375 828 3472 ripum
849 3376 884 3434 in
906 3374 1067 3457 templum
1088 3375 1198 3437 Bonae
1219 3375 1307 3436 Deae
1329 3395 1394 3437 non
1415 3396 1474 3438 suo
1495 3352 1629 3441 nomine
1648 3379 1775 3443 solebat
1795 3383 1926 3459 inferri,
1942 3379 1996 3444 sed

278 3514 346 3573 vas,
367 3497 404 3555 in
425 3514 490 3575 quo
510 3496 624 3556 vinum
645 3491 789 3554 inditum
810 3502 892 3567 erat,
915 3492 1105 3554 mellarium
1127 3503 1160 3555 et
1180 3496 1295 3555 vinum
1316 3494 1368 3555 lac
1389 3497 1648 3581 nuncupabatur.
1674 3498 1822 3586 ‘Quanta
1843 3502 1993 3562 cautione

278 3631 360 3697 opus
380 3614 432 3683 sit,
461 3631 503 3673 ne
524 3611 681 3672 fallamur
705 3610 787 3672 locis
808 3608 895 3694 apud
916 3608 1078 3673 Romanos
1098 3613 1277 3696 scriptores
1304 3613 1478 3692 similibus,
1507 3613 1548 3676 ad
1568 3615 1711 3702 Virgilii
1730 3615 1811 3682 Aen.
1833 3611 1901 3697 ξΙΠ,
1922 3621 1993 3685 279.

162 3748 165 3754 “
277 3749 409 3792 versum
430 3749 588 3812 provoco,

523 3849 786 3933 Lustramurque
807 3849 897 3927 Jovi,
918 3852 1071 3933 votisque
1091 3848 1295 3912 incendimus
1316 3870 1402 3928 aras,

275 3988 341 4052 quo
362 3966 514 4031 seductus
535 3967 637 4029 verba
658 3969 742 4032 Faus
764 3963 825 4054 πιρ
848 3987 908 4032 cos
929 3988 1062 4031 avesna
1083 3968 1125 4045 Il,
1148 3971 1186 4032 21
1209 3990 1256 4051 sq.
1280 3972 1373 4053 prins
1394 3989 1460 4034 cum
1481 3990 1556 4033 ooce
1575 3973 1677 4054 ignem
1698 3975 1733 4036 in
1754 3993 1813 4034 ora
1831 3973 1994 4036 incendite

274 4085 434 4151 vertenda
454 4095 615 4171 putaram.
661 4085 698 4146 In
719 4086 782 4147 illo
805 4095 913 4149 tamen
934 4086 1114 4173 Virgilius,
1143 4084 1231 4168 quod
1252 4089 1287 4147 in
1316 4086 1402 4149 ludis
1423 4089 1586 4172 Apollinis
1611 4090 1700 4152 Actii
1727 4090 1933 4153 celebrandis
1953 4090 1994 4153 ad

273 4207 392 4269 Jovem
413 4207 593 4289 praecipue
615 4207 836 4288 expiationem
858 4205 1153 4288 lustrationemque
1174 4207 1309 4284 referat,
1331 4226 1407 4267 cum
1428 4205 1577 4294 Iguvinis
1598 4207 1718 4269 tabulis
1739 4211 1914 4288 consentit,
1937 4209 1994 4272 ubi

274 4335 307 4387 et
328 4329 363 4386 in
384 4325 548 4386 Pomonae
569 4325 673 4384 sacris
695 4321 739 4401 ΙΙ,
751 4324 792 4386 22
812 4343 858 4404 sq.
881 4323 964 4387 1st
985 4324 1099 4410 Πατρο
1118 4343 1234 4412 upana
1255 4343 1412 4405 αμπεντθ,
1434 4335 1467 4388 et
1487 4326 1522 4386 in
1543 4323 1655 4388 Sancii
1675 4328 1814 4410 piaculis
1835 4329 1881 4408 V,
1896 4329 1930 4406 b,
1942 4330 1989 4392 1⁷.

273 4444 357 4508 1st
378 4440 493 4523 Πατρε
514 4439 722 4529 obcaecatae
744 4442 880 4528 legitur.
1604 4454 1607 4459 ’
