4244 5722
950 590 1157 659 ..23-

189 757 269 824 hinc
290 780 336 822 ar
357 778 486 844 quoqne
507 777 569 844 pro
592 780 632 835 ας
652 756 721 821 dici
742 760 862 843 potuit,
885 768 925 821 nt
944 756 1023 835 VII,
1033 778 1064 835 a,
1076 760 1126 824 46.
1152 767 1289 822 terrear
1309 767 1344 821 et
1363 753 1425 838 VI,
1438 775 1468 838 a,
1481 759 1521 824 49
1542 776 1589 840 sq.
1612 776 1713 840 pone
1736 774 1926 821 esonome

188 879 303 959 ferar
324 881 460 965 legitur,
483 881 544 940 etsi
565 877 610 955 V,
622 898 652 956 a,
663 880 714 943 26.
738 874 826 966 πθρε
846 878 973 958 raFrjts
994 873 1152 963 φερεστ
1173 886 1346 939 exaratum
1367 887 1424 939 est.
1469 876 1522 938 Ne
1543 887 1653 937 tamen
1675 898 1743 941 arte
1763 874 1925 961 nadre-

187 998 280 1073 Frrg
300 996 345 1074 V,
358 996 390 1075 b,
404 999 454 1062 28.
478 992 567 1058 idem
588 996 776 1082 significare
797 1005 904 1079 putes,
937 991 1025 1078 quod
1047 1016 1130 1059 nave
1151 1016 1177 1055 s.
1201 1016 1268 1059 απε
1294 993 1497 1083 cudretus
1526 994 1571 1073 V,
1584 1014 1613 1073 a,
1627 998 1656 1059 7.
1669 1000 1713 1074 9.,
1747 996 1834 1057 aliae
1855 998 1925 1058 for·

188 1135 316 1177 marum
336 1117 539 1177 variationes
561 1125 706 1177 monent.
751 1113 807 1176 Sic
829 1113 910 1192 VII,
923 1115 956 1190 b,
967 1117 997 1178 3.
1021 1133 1083 1196 pro
1105 1114 1167 1174 illo
1188 1123 1376 1196 portnst,
1399 1111 1456 1175 sed
1478 1133 1539 1197 pro
1561 1111 1721 1200 πθρτιιες
1743 1112 1807 1193 IV,
1826 1113 1859 1192 b,
1870 1115 1921 1180 28.

186 1233 565 1320 siverraprrrrugIV,
577 1234 610 1311 b,
621 1237 671 1298 34.
685 1235 822 1294 inserta
835 1232 948 1294 tabula
963 1229 1199 1314 purdinsus,
1221 1231 1378 1308 sicuth,
1390 1252 1420 1310 a,
1434 1234 1484 1297 33.
1500 1229 1753 1313 πθρτινζθς,
1775 1232 1923 1316 positum

187 1360 247 1414 est.
292 1348 576 1431 Quemadmodum
598 1369 661 1433 pro
683 1351 747 1412 hoc
765 1350 845 1429 VII,
857 1371 886 1429 a,
899 1353 949 1415 43.
973 1348 1261 1434 purdinsiust,
1284 1359 1318 1410 et
1339 1349 1400 1426 VI,
1414 1370 1444 1427 a,
1459 1355 1507 1414 16.
1519 1352 1569 1414 24.
1592 1347 1841 1433 purdinsnst
1864 1367 1924 1433 pro

187 1465 417 1552 purdinsns
438 1468 500 1547 VI,
514 1489 543 1546 a,
555 1472 606 1534 23.
619 1471 671 1533 37.
694 1472 856 1552 scriptum
877 1477 942 1546 est,
970 1470 1018 1529 sic
1039 1471 1139 1529 etiam
1161 1467 1214 1527 vel
1236 1466 1579 1529 combifiansiust
1600 1468 1662 1544 VI,
1680 1489 1710 1545 a,
1729 1472 1778 1534 49.
1791 1472 1843 1535 52.
1870 1468 1926 1529 vel

188 1587 344 1648 combis
348 1590 512 1649 iansust
533 1586 613 1665 Vll,
627 1607 656 1663 a,
668 1589 697 1651 5.
722 1586 762 1647 ab
786 1605 825 1647 eo
847 1586 951 1649 verbo
974 1589 1153 1647 formatum
1175 1586 1310 1671 legitur,
1334 1586 1426 1662 cujus
1448 1588 1663 1669 imperativus
1685 1585 1790 1665 vta,
1804 1587 1860 1653 48.
1872 1587 1925 1651 51.

188 1705 345 1765 combis
350 1707 458 1781 iatu,
481 1706 710 1783 subjunctivus
731 1705 914 1788 praesentis
936 1714 1046 1766 autem
1067 1702 1129 1781 Vl,
1142 1723 1172 1780 a,
1184 1706 1235 1767 51.
1258 1703 1412 1764 combis
1418 1706 1456 1763 ia
1466 1699 1533 1764 nsi
1554 1705 1726 1765 scribitur.

351 1825 402 1889 28.
448 1820 732 1885 Combifianbi
753 1823 838 1884 mihi
860 1825 1080 1906 compositum
1100 1800 1169 1882 esse
1191 1819 1324 1882 videtur
1346 1841 1364 1882 e
1385 1821 1596 1900 subjunctivo
1619 1841 1658 1885 σι
1680 1824 1752 1883 sive
1773 1822 1839 1883 sei·
1862 1839 1925 1904 pro

186 1942 262 2019 sit,
285 1942 344 2022 qni
365 1944 464 2003 etiam
484 1941 546 2020 ΙΙΙ,
565 1943 598 2020 b,
615 1945 645 2007 3.
664 1945 693 2007 7.
719 1951 752 2003 et
772 1940 834 2020 VI,
853 1942 954 2020 b,11.
984 1943 1175 2024 imperativi
1196 1940 1307 2000 locum
1329 1939 1468 2017 obtinet,
1490 1960 1597 2022 neque
1618 1941 1727 2002 solum
1749 1960 1826 2001 cum
1846 1939 1923 2002 sub·

186 2061 339 2120 stantivis
361 2069 395 2121 et
415 2058 601 2139 adjectivis,
624 2070 661 2122 ut
682 2059 745 2137 ΙΙΙ,
758 2081 787 2136 a,
800 2063 831 2125 5.
845 2062 910 2136 27,
933 2057 990 2119 sed
1012 2079 1087 2120 curn
1109 2059 1296 2142 participiis
1319 2060 1419 2118 etiam
1441 2061 1657 2135 construitur,
1679 2068 1718 2119 ut
1739 2055 1801 2136 III,
1820 2076 1851 2136 a,
1869 2060 1919 2121 24.

185 2196 339 2262 soporo
362 2197 420 2240 ot:
442 2176 529 2238 unde
550 2177 611 2253 IV,
632 2198 661 2253 a,
681 2178 711 2241 8.
740 2173 999 2255 Ραζετθμισε
1029 2195 1091 2257 pro
1120 2160 1329 2237 vasetome
1358 2179 1443 2237 fust
1471 2176 1533 2253 VI,
1553 2197 1583 2253 a,
1600 2178 1651 2241 47.
1675 2177 1778 2238 scribi
1801 2178 1924 2260 potuit,

184 2295 271 2355 sicut
291 2297 327 2354 in
355 2294 519 2378 precibus,
549 2303 588 2355 ut
608 2293 793 2375 aequaliter
821 2303 977 2354 sonarent
1004 2293 1179 2371 vocabula,
1209 2296 1317 2377 persi
1347 2296 1470 2355 mersi
1496 2294 1558 2372 VI,
1576 2293 1609 2373 b,
1629 2296 1680 2361 38.
1711 2297 1781 2357 sive
1808 2295 1926 2377 pirse

183 2414 307 2473 mersi
328 2413 390 2490 VI,
403 2413 436 2490 b,
448 2414 498 2477 48.
523 2421 556 2472 et
576 2413 716 2497 persei
737 2414 889 2472 mersei
911 2409 972 2488 VI,
985 2410 1018 2487 b,
1031 2413 1081 2476 28.
1105 2430 1168 2494 pro
1190 2414 1303 2494 pirse
1324 2432 1434 2473 mers
1457 2423 1515 2474 est
1536 2413 1598 2490 VI,
1612 2433 1642 2490 a,
1654 2415 1705 2478 55.
1728 2408 1925 2474 lnsecnnda

184 2550 325 2613 persona
346 2533 406 2591 sir
427 2531 680 2614 pronuntiatum
702 2549 781 2607 esse,
804 2549 941 2612 precum
962 2530 1108 2591 formula
1129 2532 1145 2590 i
1150 2551 1218 2591 ons
1239 2534 1318 2609 sir,
1340 2551 1466 2613 pacer
1487 2535 1551 2592 sir
1572 2531 1633 2608 VI,
1646 2551 1676 2609 a,
1688 2533 1718 2594 7.
1741 2529 1774 2591 h.
1797 2550 1828 2592 e.
1851 2547 1926 2592 vo·

185 2646 294 2724 lens,
318 2650 536 2731 propitius
557 2649 631 2724 sis,
655 2645 767 2708 docet:
800 2666 863 2730 pro
885 2667 950 2728 quo
972 2647 1107 2728 quidem
1137 2652 1237 2710 etiam
1259 2651 1412 2729 fonsir,
1443 2670 1570 2733 pacer
1596 2652 1629 2710 si
1656 2649 1717 2726 VI,
1737 2649 1840 2725 a,2o
1867 2646 1922 2710 vel

185 2766 319 2825 fossei
340 2785 467 2849 pacer
488 2768 550 2826 sei
571 2765 632 2843 VI,
648 2766 744 2844 b,23.
769 2776 941 2827 exaratum
962 2767 1113 2852 legimus.
1157 2764 1281 2828 Eodem
1302 2765 1413 2846 modo,
1444 2787 1509 2849 quo
1538 2770 1589 2845 si,
1622 2769 1701 2844 sei,
1732 2767 1812 2844 sir,
1843 2784 1921 2827 cnm

184 2881 397 2945 antecedente
418 2883 581 2944 vocabulo
602 2885 638 2943 in
659 2903 674 2943 s
695 2893 835 2944 exeunte
857 2886 891 2943 in
913 2905 1015 2944 unum
1038 2895 1244 2946 contractum
1266 2884 1427 2964 videmus,
1457 2887 1656 2948 vocabulum
1678 2881 1922 2946 ostensendi

185 2999 247 3079 VI,
260 3001 367 3078 b‚20.,
390 3005 585 3085 praesertim
601 3024 702 3084 quum
717 3003 934 3085 imperativus
956 3001 1133 3063 ostendu
1155 3022 1216 3086 pro
1239 3022 1379 3067 soreres
1400 3015 1567 3087 sequatur,
1591 2991 1630 3066 eir
1653 3014 1787 3065 ostens
1807 2998 1921 3064 rendi

185 3122 405 3201 compositum
425 3130 517 3203 puto.
563 3119 674 3200 Quum
696 3121 784 3180 enim
806 3141 867 3203 pro
896 3122 1014 3202 pusei
1042 3121 1168 3181 subra
1194 3122 1362 3183 screlrto
1391 3133 1466 3196 est,
1496 3122 1575 3200 VII,
1593 3123 1625 3200 b,
1642 3126 1671 3187 3.
1696 3121 1728 3182 h.
1754 3140 1783 3181 e.
1805 3121 1921 3181 sicut

184 3240 538 3321 suprascriptum
567 3249 648 3316 est,
678 3237 740 3314 VI,
760 3238 792 3314 b,
813 3241 860 3302 15.
885 3240 920 3297 in
942 3238 1066 3321 plurali
1088 3259 1227 3300 numero
1255 3242 1401 3321 porsei
1429 3240 1557 3301 subra
1584 3240 1801 3301 screhitor
1827 3246 1922 3300 sent

185 3353 218 3414 h.
243 3374 270 3415 e.
293 3358 404 3418 sicut
425 3376 551 3439 supra
573 3358 733 3439 scripti
754 3365 847 3416 sunt
873 3366 1044 3416 exaratum
1066 3359 1119 3434 sit,
1143 3356 1263 3418 sendi
1284 3368 1359 3441 post
1379 3360 1494 3440 porsi
1517 3357 1632 3418 eodem
1654 3359 1729 3436 jure
1751 3376 1813 3441 pro
1834 3365 1923 3418 sent

185 3473 288 3534 scribi
308 3476 428 3556 potuit,
458 3478 545 3536 sicut
566 3478 601 3535 in
622 3475 687 3536 fine
708 3477 866 3557 septimae
895 3475 1025 3535 tabulae
1048 3485 1122 3558 post
1150 3478 1347 3549 arfertur
1375 3475 1452 3553 VII,
1464 3476 1496 3547 b,
1511 3479 1540 3540 3.
1565 3478 1600 3536 in
1628 3475 1755 3558 plurali
1782 3493 1921 3536 numero

186 3600 327 3652 motar
347 3593 430 3653 sins
452 3612 513 3673 pro
534 3591 696 3677 singulari
716 3612 805 3671 peasa
828 3589 1016 3679 αρφερῑθρε
1039 3612 1082 3656 σι
1102 3596 1137 3653 in
1159 3596 1315 3655 extremis
1338 3596 1457 3655 tertiae
1480 3595 1610 3656 tabulae
1633 3595 1768 3680 legitur.
1813 3591 1921 3676 Impe-

186 3711 312 3770 rativus
333 3709 430 3788 hujus
451 3709 547 3772 verbi
569 3730 698 3793 semper
720 3712 811 3772 futu
832 3719 943 3786 sonat,
977 3720 1015 3773 ut
1042 3713 1077 3771 in
1109 3712 1169 3772 illa
1198 3732 1335 3795 precum
1363 3712 1508 3772 formula
1537 3715 1631 3773 futu
1653 3714 1763 3788 fons,
1795 3727 1921 3794 pacer

185 3826 246 3905 VI,
266 3827 298 3904 b,
315 3830 365 3891 42.
389 3837 463 3904 cet,
493 3848 556 3910 pro
578 3847 643 3908 quo
667 3830 701 3887 in
723 3826 847 3910 plurali
870 3848 1009 3889 numero
1031 3828 1093 3905 VI,
1111 3849 1141 3906 a,
1160 3833 1210 3894 61.
1235 3832 1377 3891 sututo
1399 3832 1535 3907 foner,
1565 3849 1736 3913 pacrer,
1760 3829 1921 3911 scriptum

185 3955 243 4006 est.
288 3945 378 4005 Hinc
400 3943 545 4020 πελσανς
569 3964 659 4029 paru
690 3948 725 4006 in
746 3948 810 4008 fine
832 3950 966 4029 quintae
988 3948 1118 4008 tabulae
1139 3967 1201 4031 pro
1228 3949 1398 4031 pelsatu
1420 3947 1482 4024 VI,
1500 3969 1529 4025 a,
1548 3950 1611 4024 40,
1642 3957 1743 4029 atque
1771 3942 1922 4034 πθρτετθ

186 4081 276 4148 paru
299 4060 422 4124 ibidem
444 4083 506 4144 pro
528 4063 740 4140 subjunctivo
770 4062 945 4145 purdito
972 4068 1054 4126 fust
1082 4065 1161 4142 VII,
1182 4087 1211 4143 a,
1229 4071 1279 4131 42.
1308 4070 1379 4129 sive
1401 4064 1546 4152 anderrn
1568 4085 1660 4149 paor
1680 4064 1743 4143 IV,
1762 4083 1792 4143 a,
1811 4066 1862 4129 39.
1887 4072 1923 4125 et

185 4179 400 4264 purditom
423 4184 507 4241 fust
528 4180 607 4257 VII,
619 4201 649 4259 a,
662 4184 713 4245 45.
762 4182 876 4259 (daos
896 4202 977 4267 vero
998 4183 1053 4243 vel
1075 4183 1274 4265 simpliciter
1295 4193 1487 4265 usurpatur,
1509 4193 1547 4244 ut
1568 4182 1717 4261 111,a‚3
1740 4203 1787 4263 sq.
1810 4182 1851 4245 lo
1870 4200 1919 4262 sq.

185 4319 260 4362 πισι
282 4318 399 4380 nareae
429 4319 552 4383 paor,
585 4301 614 4359 si
645 4300 863 4360 conferuntur
890 4300 991 4360 verba
1018 4299 1148 4377 VII,b,
1168 4305 1195 4363 l.
1220 4303 1301 4384 pisi
1330 4305 1510 4384 panupei
1543 4303 1726 4362 iratrexs
1758 4301 1921 4362 iratrus

186 4415 398 4478 Atiersier
427 4416 530 4496 fust,
564 4418 619 4479 vel
647 4438 722 4478 cnm
751 4420 937 4501 participiis
967 4428 1000 4479 et
1027 4416 1198 4495 adjectivis
1227 4420 1451 4501 componitur,
1485 4428 1524 4480 ut
1555 4417 1615 4496 Ill,
1635 4438 1664 4495 a,
1690 4420 1729 4483 18
1758 4437 1829 4500 sqq.
1852 4437 1919 4480 απε

187 4555 362 4624 resparsa
384 4555 491 4620 φθστ
512 4546 545 4598 et
567 4558 634 4599 απε
656 4532 767 4621 sadda
788 4555 934 4619 onoma
957 4554 1073 4621 poor.

349 4658 399 4719 29.
447 4657 559 4718 (Daor
586 4657 724 4738 proprie
745 4651 877 4735 quidem
899 4655 1032 4715 tertiam
1052 4672 1227 4736 personam
1248 4657 1496 4739 grammaticam
1518 4652 1658 4731 indicat,
1689 4663 1728 4716 ut
1756 4672 1917 4741 φερεντ

188 4770 298 4850 lIl,ya,
316 4774 365 4835 22.
390 4774 426 4832 in
446 4772 571 4855 plurali
592 4791 749 4834 numero:
782 4767 869 4832 unde
891 4770 954 4849 Vl,
974 4772 1006 4850 b,
1027 4777 1047 4838 6
1068 4793 1114 4854 sq.
1138 4774 1255 4854 porsi
1276 4774 1402 4858 angla
1424 4774 1643 4833 anseriato
1665 4773 1750 4833 fust
1771 4772 1833 4846 (nt
1855 4772 1918 4850 jam

187 4890 213 4963 §.
240 4892 287 4956 18.
311 4892 410 4952 metri
431 4909 526 4953 causa
547 4914 684 4978 pravam
705 4892 882 4955 lectionem
904 4893 993 4954 inst
1013 4889 1166 4970 correxi)
1194 4891 1357 4974 scriptum
1386 4891 1511 4979 legitur
1538 4909 1600 4975 pro
1627 4889 1763 4975 po(e)i
1791 4888 1916 4978 angla
