4244 5722
939 606 1207 701 ..ης

192 822 291 894 quem
311 801 436 870 alludit
456 799 562 866 Silina
583 797 624 864 It.
637 794 734 879 xm,
744 796 839 865 loos
866 794 957 861 unda
984 794 1181 861 Plutarchus
1212 795 1249 858 in
1276 786 1389 860 Numa
1409 798 1461 862 21.
1504 796 1652 862 Marcios
1674 806 1708 861 et
1728 797 1944 867 Mamercinus

100 920 105 933 '
149 971 156 981 -
192 920 354 991 confudit.
395 922 578 989 dicaearcus
596 919 688 982 anim
708 912 890 979 secundum
907 914 1041 978 Festum
1061 932 1265 999 praenomen
1277 913 1399 978 Oscum
1420 924 1471 979 cat
1489 915 1531 978 ab
1553 935 1605 997 eo,
1628 914 1718 998 quod
1739 916 1777 980 bi
1796 917 1945 983 Martem

188 1043 373 1115 Mammam
394 1057 529 1126 quoqne
549 1032 770 1120 lppellabanl,
790 1031 882 1099 undo
900 1029 992 1096 idom
1002 1033 1214 1098 Mamertinos
1234 1050 1357 1095 nomen
1377 1035 1544 1115 accepisse
1563 1042 1719 1115 testatur,
1742 1033 1844 1118 quod,
1867 1056 1945 1101 cnm

188 1161 459 1228 Memnonaibua
479 1154 608 1222 anxilio
628 1155 810 1234 emissent,
831 1154 990 1235 conjectis
1011 1153 1048 1215 in
1068 1156 1195 1216 sortem
1206 1149 1387 1215 duodecim
1405 1149 1548 1217 deorum
1568 1152 1773 1234 nominibus,
1795 1154 1945 1220 Mamers

189 1282 432 1346 fortasxiarat.
453 1271 662 1357 Πομπιδα
682 1270 812 1339 Graeca
830 1274 976 1338 flexione
997 1265 1216 1354 πομπείαν
1237 1274 1309 1337 sivo
1327 1290 1473 1354 pompam
1493 1271 1672 1359 significat,
1692 1268 1783 1336 unde
1793 1270 1946 1358 Pompeii

190 1414 313 1466 nomen
333 1402 558 1479 acceperunt3
591 1410 822 1475 transnare,
854 1402 933 1457 cum
954 1387 1019 1477 ζιη
1040 1409 1104 1478 per
1122 1412 1210 1474 υμω
1232 1391 1462 1474 conjunctum,
1491 1408 1555 1476 pro
1584 1388 1753 1476 Campano
1781 1389 1947 1479 τρισιιό

190 1516 298 1598 (dicul
315 1517 388 1581 siae
406 1511 548 1594 mult)
571 1513 723 1600 positum
749 1509 898 1593 videtur,
928 1507 1208 1596 quemadmodum
1236 1512 1273 1574 in
1299 1508 1453 1600 iguvinia
1479 1529 1613 1596 quoqne
1640 1509 1766 1575 tabulis
1787 1510 1861 1576 dilu
1881 1529 1945 1596 pro

191 1637 299 1703 dirala
317 1632 425 1697 toribi
444 1633 543 1699 solet
585 1630 786 1696 Mamertini
807 1633 898 1696 enim
918 1628 1128 1697 Graecorum
1148 1643 1245 1696 mora
1270 1631 1456 1696 verborum
1477 1630 1618 1696 literam
1637 1629 1773 1694 dualem
1794 1628 1815 1695 d
1835 1631 1907 1694 aive
1928 1652 1948 1695 a

191 1751 401 1839 abjiciebant,
411 1770 518 1838 neque
529 1751 640 1817 solnm
652 1749 672 1834 ζ
676 1770 717 1838 ιη
729 1769 794 1839 pro
803 1750 930 1818 Latino
940 1753 1020 1820 aicit
1029 1751 1102 1817 sire
1110 1753 1269 1836 perculsit,
1281 1747 1340 1816 sed
1351 1752 1633 1831 eliam'aaerctto
1653 1768 1685 1815 v.
1695 1749 1727 1817 l.
1740 1768 1804 1834 pro
1816 1747 1946 1813 Graeco

190 1864 356 1952 derasae
376 1871 452 1936 aiva
472 1872 586 1938 cosmi
606 1868 773 1939 dicabant.
816 1872 910 1956 ἵμω
931 1869 1066 1958 quidem
1079 1890 1143 1959 pro
1165 1861 1948 1957 Graecoduni,llmbricosomoin1guvinis

189 1988 314 2055 tabulis
323 1988 527 2076 v1‚'b,osq.
538 1992 611 2056 siva
631 1986 1006 2076 oaua(l)11‚1.V‚a,
1020 1994 1068 2061 15.
1081 1986 1385 2078 statquaLatinn
1406 1990 1511 2071 simol,
1534 1991 1682 2074 positum
1700 2006 1770 2051 ease
1789 1983 1948 2066 videtur3

188 2105 468 2174 aodinAbnllana
489 2128 623 2194 quoquo
643 2112 865 2197 inscriptione
887 2110 979 2193 1,1o.
1000 2134 1021 2179 v
1028 2134 1055 2196 μ
1074 2130 1138 2197 pro
1161 2102 1180 2178 ὁ
1187 2108 1244 2196 μῆ
1265 2110 1441 2194 (simililer)
1452 2119 1652 2196 usurpatum
1672 2107 1811 2196 legitur.
1855 2100 1950 2169 Illud

188 2242 275 2291 varo
296 2226 509 2292 Graecorum
529 2230 737 2292 commercio
758 2231 915 2289 effectum
935 2240 1032 2307 puro,
1060 2238 1100 2285 ut
1119 2243 1163 2285 aa
1183 2241 1247 2306 pro
1267 2241 1313 2302 pu
1333 2231 1407 2284 sivo
1427 2231 1501 2307 q'sln,
1529 2223 1811 2309 quemadmodum
1833 2222 1949 2286 lonico

191 2345 244 2428 κῆ
260 2360 329 2428 pro
348 2343 479 2406 Dorico
509 2338 585 2418 πᾶ,
615 2336 707 2403 unde
734 2333 806 2403 καὶ
833 2356 964 2420 quoqne
986 2338 1184 2417 conjunctio
1215 2340 1287 2401 aiva
1308 2357 1369 2418 que
1389 2338 1513 2401 Latina
1533 2350 1614 2402 nata
1632 2348 1694 2417 ast,
1716 2339 1787 2403 dini
1808 2342 1946 2406 soleret.

193 2460 253 2527 Sia
274 2455 377 2521 mam
395 2454 539 2518 neoFcc
560 2452 606 2514 M
609 2470 838 2538 αμερτινον
857 2449 989 2513 Graeca
1008 2450 1152 2514 flexione
1172 2460 1238 2534 pro
1260 2459 1378 2517 loolom
1399 2450 1623 2519 Mamertinum
1645 2452 1797 2535 (nomon)
1818 2466 1853 2520 et
1872 2476 1950 2522 απ·

189 2571 371 2639 nullove
390 2584 456 2657 pro
477 2568 649 2633 infinitivo
676 2566 836 2651 appellum
863 2569 1029 2655 scriptum
1058 2576 1118 2635 ost.
1161 2570 1221 2634 Est
1249 2568 1387 2656 quidem
1414 2571 1558 2636 verbum
1586 2573 1796 2637 Laoonicum
1818 2564 1950 2640 ἄπελ-

190 2683 336 2771 titan
356 2706 423 2774 pro
443 2678 677 2773 ἔκκλησιᾶζειν
707 2685 798 2773 apud
818 2685 1038 2750 Plutarchum
1068 2686 1154 2770 Lyn.
1177 2692 1223 2768 o,
1254 2706 1275 2750 a
1306 2690 1444 2752 nomine
1472 2681 1618 2755 inaltat
1645 2685 1831 2776 (ἐκκλησίαι
1860 2689 1951 2778 apud

189 2804 415 2892 lia-yoniam)
436 2803 632 2881 deductam,
663 2803 754 2863 nuda
781 2802 1008 2868 Macedonum
1034 2807 1157 2862 mensis
1178 2800 1431 2879 Ἀπελλαῖος
1452 2825 1575 2867 nomen
1602 2812 1770 2891 accepisse
1791 2817 1948 2891 putatur:

191 2923 282 2991 idem
301 2923 446 2990 verbnm
465 2917 558 3006 apud
576 2916 789 3003 Hesyobinm
810 2916 925 2981 lonico
946 2907 1247 2997 ἆππαλλᾶζειν
1273 2920 1449 3001 scribitur,
1485 2918 1576 2985 unde
1604 2916 1856 3004 circelliones
1876 2929 1949 2992 sire

191 3031 443 3119 &snellardo
461 3035 654 3121 llssycbina
681 3030 783 3124 {aptio
801 3026 983 3111 κοινωνούς
1008 3036 1263 3119 interpretatur.
1307 3035 1374 3101 Sed
1396 3039 1554 3120 appellum
1575 3042 1699 3105 Oscum
1720 3046 1849 3109 rectius
1871 3065 1949 3110 cnm

191 3161 316 3227 hm
336 3157 498 3242 appellere
516 3162 747 3239 comparatur,
770 3163 931 3239 qualemn
952 3170 1016 3237 pro
1037 3153 1168 3218 assilire
1188 3154 1261 3217 aive
1282 3154 1445 3220 desultore
1463 3169 1662 3244 usurpatum
1683 3170 1744 3242 eat,
1765 3161 1856 3228 nude
1874 3166 1948 3247 pal·

191 3295 267 3347 suro
284 3277 414 3343 alardo
433 3284 498 3360 pro
519 3274 646 3340 aoltara
664 3269 857 3337 dicabaturs
891 3273 928 3334 in
951 3272 1105 3360 Iguvlnis
1136 3273 1227 3337 anim
1247 3274 1371 3338 tubalia·
1400 3275 1587 3367 αρπελτε
1607 3293 1847 3347 carcasona
1874 3281 1947 3364 1‚8.

191 3399 237 3481 V,
248 3392 283 3480 b,
295 3397 346 3464 19.
369 3397 465 3478 ⁸2⁸²·
486 3402 563 3480 post
590 3395 832 3479 imperativum
856 3387 1203 3480 ammonebat&
1228 3394 1302 3458 aive
1324 3392 1506 3478 trlpndlolo
1527 3397 1742 3484 propalantes
1763 3397 1947 3482 (bellante,

194 3515 330 3597 monle)
357 3510 530 3596 v1,a‚so.
561 3510 605 3577 ad
632 3509 829 3576 Sioulornm
861 3503 1049 3596 βαλλισμόν
1079 3510 1296 3576 referendum
1327 3525 1389 3595 est,
1421 3513 1512 3580 undo
1543 3513 1790 3584 aunellovv
1821 3541 1949 3608 sopor

192 3608 359 3729 significat
377 3634 503 3700 tollore
520 3627 595 3696 slve
627 3646 729 3716 ogere
757 3628 896 3696 ώοπιπ.
942 3630 1084 3721 Kopor
1114 3630 1325 3697 Graecorum
1353 3626 1484 3724 κόρον
1515 3655 1598 3718 aare,
1631 3635 1782 3702 dubitari
1813 3641 1947 3724 nequitr

193 3758 273 3824 Osci
293 3759 395 3834 enlm,
416 3764 456 3821 nt
476 3764 590 3820 omncs
611 3755 685 3819 loro
704 3750 795 3832 Itali,
817 3749 1023 3838 aspiratione
1043 3748 1173 3831 abjecta
1193 3766 1213 3815 a
1233 3770 1299 3838 pro
1318 3771 1350 3835 χ,
1371 3756 1460 3819 sieut
1480 3776 1500 3822 a
1520 3774 1586 3843 pro
1603 3754 1645 3838 d,-
1667 3746 1834 3825 dicebant.
1879 3756 1950 3822 To·

192 3889 262 3944 tam
282 3878 392 3966 igitur
409 3870 666 3962 inscriptionum
686 3875 739 3938 aio
758 3869 961 3937 vertendam
983 3888 1121 3935 cenaeos
1155 3903 1161 3908 ·

276 3997 391 4074 Στενις
431 3991 572 4072 Kal-ltro
612 3990 737 4058 Erotos
863 4006 945 4075 ηπα
965 3991 1094 4080 Mopso
1114 3987 1275 4074 πομπιθα
1295 4010 1394 4072 arros,
1423 4012 1498 4076 υμω
1542 3991 1605 4082 dep,

275 4108 422 4185 Stratos·
434 4106 589 4180 Collatus
607 4110 734 4180 Staltil
753 4108 872 4198 (filius)
893 4109 947 4176 llic
966 4110 1086 4175 Moror
1103 4126 1246 4194 pompam
1268 4108 1404 4194 dicavit,
1426 4112 1522 4178 simol
1540 4116 1632 4195 olvit,

276 4258 312 4304 aa
333 4229 490 4312 Mandat
512 4230 645 4322 Ουφενς·
665 4249 806 4313 arveruo,
826 4228 944 4297 cellro
963 4226 1185 4319 Marcomons
1309 4227 1503 4298 omnailovr
1523 4245 1606 4313 ηισπ
1627 4247 1739 4322 sopor.

273 4366 342 4439 oro
361 4345 503 4420 Meridie
525 4346 629 4435 Ufens
670 4353 795 4432 nonnil,
819 4359 919 4416 lotura
939 4350 1165 4417 Mamertinam
1185 4345 1323 4429 (nomen)
1344 4366 1445 4435 ogere
1528 4351 1581 4418 lic
1601 4349 1743 4422 morum.-

221 4554 343 4648 Pora
371 4553 472 4644 III.
530 4554 893 4647 Hermioneaeea
921 4569 965 4646 el
992 4555 1296 4676 Pompejoaoc
1324 4562 1654 4676 inrorapla'ooes.
1715 4557 1823 4646 Tab.
1856 4557 1916 4647 Il.

258 4718 263 4727 ·
363 4705 672 4771 Herculanensinm
691 4706 952 4792 inscriptionum
972 4701 1055 4771 dnae
1074 4702 1177 4769 modo
1197 4707 1280 4771 novi
1297 4703 1524 4789 brevissimas,
1543 4720 1686 4792 quarum
1705 4722 1774 4771 nna
1792 4708 1831 4771 in
1851 4706 1948 4771 abaci

195 4826 375 4912 superficie
396 4824 518 4908 media,
540 4826 648 4892 altera
668 4829 706 4890 in
727 4827 823 4892 abaci
843 4846 905 4891 ora
925 4846 1056 4891 summa
1077 4826 1220 4915 legitnr3
1253 4824 1421 4912 Pompejis
1441 4845 1525 4891 vero
1546 4826 1662 4912 plures
1683 4836 1751 4892 tam
1773 4827 1947 4892 breviores

197 4964 297 5030 qnam
317 4946 490 5036 longiores
510 4955 775 5034 reperuerunt,
807 4945 976 5037 bilingues
998 4963 1141 5032 qnoque,
1173 4964 1243 5011 non
1264 4964 1378 5010 omnes
1399 4955 1512 5012 tamen
1532 4942 1701 5011 distinctio
1721 4947 1802 5011 nafis
1823 4946 1943 5012 literis
