4244 5722
966 607 1215 675 ..50-

182 740 299 875 *gisela
320 774 378 841 vel
399 772 502 837 Oscae
522 770 568 851 tn,
591 770 650 851 im',
672 768 759 850 inim,
780 770 848 852 ιἰιιι,
880 784 922 833 ex
942 768 1113 835 Umbrieis
1133 791 1204 853 eno,
1232 789 1323 850 enno,
1356 789 1469 850 ονιικ,
1491 787 1600 844 evas,
1620 768 1799 836 derivabit
1844 772 1977 857 Quanta
2043 780 2046 785 '

190 872 201 889 '¹
219 874 276 961 uis
297 913 418 981 magna
438 892 484 955 sit
504 890 699 978 linguarum
720 889 929 976 singularum
951 889 1143 955 differentia
1162 890 1341 976 paullatim
1361 887 1440 952 inde
1461 898 1569 970 enata,
1600 910 1700 975 quam
1729 876 1887 978 vel⁶ipsa
1907 908 1979 955 no·

219 1015 312 1079 mina
332 1009 502 1093 Pomponii
523 1006 612 1092 apud
633 1006 790 1088 Umbros,
801 1005 954 1089 Pompilii
973 1006 1062 1093 apud
1082 1007 1237 1089 Sabinos,
1259 1008 1411 1094 Pompeii
1431 1006 1520 1095 apud
1530 1008 1633 1073 Oscos
1653 1018 1830 1089 testantur,
1852 1028 1980 1075 secum

221 1130 303 1196 dum
324 1149 410 1214 quae
433 1127 576 1210 Terpeje
597 1145 732 1212 quoqne
752 1146 853 1211 rupes
875 1128 999 1191 montis
1020 1125 1205 1213 Capitolini
1225 1145 1292 1191 non
1314 1125 1454 1192 differre
1473 1127 1610 1194 videtur
1631 1128 1672 1193 ab
1685 1127 1773 1192 Osco
1796 1126 1979 1212 Tarquinii

221 1250 292 1314 sire
318 1246 513 1314 Tarcboetia
534 1245 639 1309 Tusci
661 1246 797 1309 nomine
820 1245 997 1328 Torpini03
1027 1266 1126 1311 nemo
1157 1254 1270 1311 tamen
1298 1264 1403 1331 porro
1424 1248 1642 1336 peregrinum
1660 1247 1805 1311 Latinae
1832 1248 1985 1337 linguae,

220 1369 437 1445 elementum,
470 1362 560 1451 qnod
580 1363 707 1428 Siculis
727 1366 842 1450 potius
869 1382 910 1427 ex
930 1364 1043 1427 Iberia
1063 1362 1274 1448 Thucydidis
1295 1363 1329 1427 h.
1353 1383 1383 1428 e.
1404 1362 1519 1428 Gallia
1546 1364 1701 1429 oriundis
1722 1364 1876 1441 debetur,
1906 1365 1974 1429 tri·

221 1486 327 1551 buere
347 1486 476 1572 poterit
498 1482 752 1573 Aboriginibus.
794 1479 893 1564 Quod
920 1491 960 1546 ut
980 1484 1106 1546 rectius
1132 1485 1378 1569 perspiciatur,
1401 1480 1527 1545 addere
1554 1481 1713 1565 quaedam
1739 1484 1828 1547 mihi
1855 1468 1974 1561 liceat,

222 1623 306 1689 quae
328 1601 478 1667 nondum
498 1603 578 1666 satia
600 1601 773 1665 intellecta
793 1598 905 1664 video.
948 1599 1117 1664 Maximus
1149 1603 1239 1665 enim
1260 1620 1360 1665 error
1380 1598 1460 1663 inde
1480 1608 1579 1665 natus
1606 1609 1667 1680 est,
1700 1599 1791 1684 quod
1816 1602 1978 1687 plerique

223 1720 356 1785 easdem
376 1730 488 1785 terras
509 1719 629 1783 iisdem
650 1692 722 1781 lere
742 1718 935 1781 nominibus
956 1720 1138 1803 appellatas
1148 1730 1321 1805 putarunt,
1344 1716 1386 1782 de
1406 1694 1535 1783 seravi
1555 1718 1730 1781 nominum
1749 1718 1838 1805 apud
1859 1717 1982 1783 diver·
2023 1756 2032 1775 ι

224 1859 278 1906 sos
299 1840 483 1924 scriptores
503 1840 625 1904 securi.
667 1837 715 1902 Ut
736 1839 889 1902 omittam
910 1838 1114 1921 antiquiora,
1141 1856 1225 1922 qnae
1246 1836 1330 1900 alias
1349 1837 1527 1902 illustrare
1548 1836 1709 1916 conabor,
1730 1837 1771 1902 ab
1793 1834 1983 1902 Herodoto

224 1960 338 2045 primo
368 1957 543 2040 incipiam,
570 1959 628 2041 qui
654 1976 731 2019 cum
758 1955 786 2036 l,
800 1960 870 2025 163.
899 1955 1080 2021 scriberett
1127 1949 1170 2021 Oi
1198 1952 1235 2022 de*
1266 1949 1645 2039 Φωκαιέες-ναυτιλίῃσι
1669 1955 1817 2045 μακρῇσι
1842 1954 1985 2042 πρῶτοι

222 2066 384 2163 Ἑλλήνων
404 2066 595 2162 ἐχρήσαντο·
617 2070 674 2139 καὶ
693 2067 751 2139 τόν
771 2096 808 2140 τι
825 2065 959 2161 Ἀδρίην
978 2070 1036 2140 καὶ
1055 2071 1116 2157 τήν
1139 2069 1326 2163 Τυρσηνίην
1346 2070 1406 2141 καὶ
1424 2071 1485 2158 τὴν
1494 2066 1643 2162 Ἰβηρίην
1664 2068 1802 2141 καὶτὸν
1824 2078 1986 2165 Ταρτησ·
2010 2124 2029 2151 .,

226 2189 286 2261 σὸν
307 2179 408 2259 οὗτοῦ
424 2211 491 2257 εισι
512 2185 546 2256 oi
565 2188 816 2267 καταδέξαντες·
838 2189 996 2268 ostendit,
1025 2193 1146 2274 quibus
1167 2192 1360 2256 nominibus
1381 2193 1644 2255 Phocaeensium
1674 2194 1853 2283 periegeeis
1882 2193 1985 2257 anti-

225 2332 324 2396 quam
346 2307 564 2375 occidentalia
584 2308 739 2391 Europae
760 2305 1023 2390 descriptionem
1051 2306 1256 2376 distinxerit.
1298 2308 1389 2375 Nam
1414 2308 1444 2371 si
1471 2303 1558 2375 dnae
1585 2320 1699 2395 partes
1725 2308 1861 2390 Italiae,
1893 2326 1986 2393 qnae

225 2428 421 2514 Apenninus
442 2425 616 2513 disjungit,
646 2423 753 2488 Adria
772 2433 808 2488 et
827 2423 1022 2507 Tyrrhenia
1050 2435 1227 2507 vocantur,
1257 2445 1398 2510 quarum
1426 2428 1563 2491 nomina
1582 2426 1794 2493 Adriaticum
1823 2435 1859 2490 et
1887 2424 1985 2513 Tyr·

227 2547 406 2611 rhenieum
427 2563 522 2607 mare
542 2544 703 2621 servavit,
714 2542 825 2606 Iberia
847 2554 897 2607 eet
906 2540 1039 2606 Galliae
1061 2562 1122 2607 ora
1142 2544 1311 2623 australis,
1324 2543 1501 2608 Tartessos
1522 2555 1640 2609 contra
1659 2545 1774 2609 Iberia
1793 2544 1982 2611 sertorum.

228 2662 447 2748 Thucydides
468 2672 572 2743 certe,
593 2662 654 2746 qni
675 2659 787 2725 Celtas
808 2680 946 2745 prorsus
975 2664 1122 2749 ignorat,
1151 2681 1255 2747 quum
1275 2660 1383 2740 V1,2.
1411 2640 1594 2726 scriberet:
1633 2652 1692 2739 Ὡς
1717 2657 1756 2727 δὲ
1781 2653 1804 2747 ἦ
1829 2653 1983 2745 dividam

229 2775 430 2871 οῦρίσκιτοι,
443 2778 576 2871 Ἴβηρες
597 2770 691 2856 dnae
708 2776 766 2846 καὶ
786 2770 855 2845 sind
876 2780 938 2845 τοῦ
957 2780 1100 2846 Σικανοῦ
1119 2778 1278 2863 ποταμοῦ
1297 2779 1360 2845 τοῦ
1372 2772 1548 2869 ἐνἸβνγρΙρ
1568 2771 1636 2845 sind
1649 2769 1791 2860 Λιγύων
1811 2770 2008 2847 ἅναστᾶν-“

229 2924 285 2979 τες
306 2893 484 2983 (Σικανοίν
507 2901 680 2987 regionem
701 2900 792 2962 inter
813 2901 922 2962 fontes
942 2896 1114 2981 Sequanae
1135 2907 1171 2961 et
1189 2897 1334 2986 Ligeris,
1355 2899 1416 2961 nbi
1435 2895 1618 2962 secundum
1640 2896 1816 2981 Scylacem
1830 2896 1982 2983 (impan-

230 3018 365 3084 densem
386 3028 462 3105 post
480 3017 596 3081 lberos
617 3026 804 3100 sequuntur
814 3016 959 3104 Ligures
980 3025 1016 3080 et
1025 3016 1117 3081 Iberi
1137 3018 1236 3080 mixti
1256 3034 1360 3102 usque
1380 3015 1424 3080 ad
1438 3014 1636 3081 Rhodanum
1654 3016 1809 3097 fluvium,
1829 3016 1981 3083 iberiam

229 3139 375 3202 vocavit.
420 3136 527 3219 Quam
548 3156 652 3221 prave
674 3145 784 3199 tamen
805 3135 944 3199 Servius
965 3135 1174 3220 Thucydidis
1202 3136 1308 3202 verba
1327 3140 1568 3221 interpretatus
1588 3138 1645 3215 sit,
1677 3154 1780 3221 supra
1797 3139 1869 3221 jam
1889 3132 1983 3199 indi·

230 3259 326 3336 cavi3
359 3254 417 3319 sed
448 3256 612 3342 pessimae
646 3256 797 3317 omnium
819 3255 987 3340 opinionis
1010 3264 1130 3319 auctor
1150 3255 1217 3319 init
1238 3254 1421 3339 Dionysius
1441 3256 1753 3335 Halicarnassensis,
1784 3256 1852 3341 qui,
1876 3244 2004 3339 quum'

231 3372 260 3454 1,
271 3378 323 3440 22.
346 3376 457 3437 varias
479 3372 521 3437 de
542 3373 749 3459 populorum
776 3372 897 3436 Italiae
925 3382 960 3437 et
986 3371 1126 3437 Siciliae
1155 3374 1289 3462 origine
1313 3368 1494 3439 sententias
1523 3374 1717 3454 invenisset,
1749 3370 1985 3455 Pherecydem

232 3493 322 3555 nulli
341 3491 597 3555 Atheniensium
620 3493 656 3554 in
677 3489 863 3554 scribendis
889 3491 1094 3579 genealogiis
1120 3490 1305 3557 secundnm
1330 3492 1374 3573 (l,
1386 3494 1453 3572 13.)
1478 3493 1575 3576 sequi
1601 3493 1736 3569 maluit',
1766 3510 1868 3575 qnam
1900 3510 1983 3557 enm

231 3609 422 3673 sanioribus
444 3609 617 3674 historicis
639 3612 808 3673 incertum
828 3610 1034 3693 relinquere,
1055 3608 1145 3693 quod
1165 3608 1289 3675 diserte
1310 3612 1477 3674 affirmari
1496 3630 1564 3675 non
1586 3619 1707 3693 potest.
1728 3608 1799 3690 lal,
1812 3614 1863 3677 1⁰.
1887 3616 1985 3675 recte

233 3728 367 3814 quidem
387 3738 466 3813 post
485 3748 587 3793 vanas
608 3727 903 3813 interpretationes
924 3730 1070 3790 nominis
1090 3726 1326 3816 Aboriginum,
1355 3729 1523 3793 Romanae
1544 3730 1654 3817 genus
1673 3736 1863 3809 auctorum,
1885 3724 1987 3792 addi-

117 3897 121 3904 .
232 3844 300 3911 dit:
321 3843 439 3912 ’Ἀλλοι
459 3843 497 3914 δὲ
517 3847 656 3932 Λιγύων
677 3839 848 3921 ἀποίκους
865 3842 1115 3928 μυθολογοῦσιν
1136 3836 1240 3925 αὐτὸς
1259 3841 1430 3935 γενέσθαι,
1457 3847 1523 3913 τιῦν
1544 3837 1758 3934 ὁμορούντων
1776 3842 1985 3933 Ὀμβρικοῖς·

232 3959 266 4031 oi
285 3963 352 4054 γὰρ
379 3959 508 4052 Λίγυες
538 3960 668 4032 οἰκοῦσι
694 3961 756 4048 μὲν
781 3960 839 4029 καὶ
865 3964 926 4050 τῆς
943 3956 1088 4041 Ἰταλίας
1115 3962 1276 4052 πολλαχῆ,
1297 3966 1454 4049 νέμονται
1479 3966 1515 4033 δέ
1538 3987 1613 4031 τινα
1638 3961 1698 4031 καὶ
1723 3964 1783 4051 τῆς
1807 3966 2008 4051 Κελτικῆς·

230 4074 381 4173 ῦνιοτὲρα
404 4075 432 4149 δ’
437 4076 552 4161 αὐτοῖς
572 4080 644 4151 ἐστι
663 4084 706 4171 γῆ
726 4078 861 4172 πατρὶς,
881 4072 1017 4169 ῦδηλον·
1032 4074 1095 4150 εἰδὲ
1114 4078 1179 4173 γὰρ
1199 4082 1250 4151 ἔτι
1260 4082 1393 4173 λέγεται
1413 4081 1494 4176 περὶ
1512 4082 1624 4152 αὐτῶν
1644 4078 1850 4174 προσωτέρω
1872 4078 1984 4169 σαφὲς

231 4193 322 4269 tidie·
343 4214 379 4266 at
399 4201 531 4265 infelici
550 4202 663 4269 studio
685 4200 837 4281 eruendi,
860 4222 945 4285 qnae
966 4201 1119 4283 eruendi,
1142 4224 1226 4287 quae
1247 4201 1395 4269 eruenda
1415 4214 1580 4285 nonsunt,
1601 4203 1684 4268 haec
1704 4202 1876 4283 disseruit,
1900 4220 1985 4287 quae

231 4340 273 4387 ex
293 4322 417 4387 Latina
437 4324 593 4387 versione
614 4324 769 4408 proferre
789 4320 897 4384 liceat.

401 4441 617 4507 »Doctissimi
643 4437 870 4504 Romanorum
898 4442 1116 4523 scriptorum,
1149 4442 1277 4525 inquit,
1308 4442 1400 4507 inter
1429 4458 1511 4525 qnos
1543 4448 1593 4503 est
1622 4441 1762 4505 Porcius
1793 4436 1893 4521 Cato,
1925 4440 1985 4522 qui

232 4556 453 4625 »Italicarum
472 4558 609 4622 urbium
631 4561 780 4645 origines
800 4559 1051 4621 accuratissime
1072 4558 1221 4646 collegit,
1244 4567 1278 4622 et
1298 4557 1335 4624 G.
1357 4558 1587 4644 Sempronius,
1616 4568 1652 4623 et
1672 4557 1774 4624 multi
1793 4557 1868 4637 alii,
1888 4556 1985 4635 aiunt

235 4676 457 4765 »Aborigines
470 4695 547 4741 esse
568 4695 610 4739 ex
631 4678 674 4738 iis
696 4674 847 4752 Graecis,
870 4676 928 4759 qui
949 4673 1114 4758 quondam
1134 4677 1170 4737 in
1190 4675 1316 4760 Achaja
1336 4678 1423 4753 (he.
1445 4673 1602 4755 Graecia)
1622 4675 1827 4755 habitarent,
1849 4672 1981 4741 etmul-

236 4796 299 4859 stis
320 4805 397 4858 ante
417 4795 545 4860 bellum
566 4794 754 4876 Troianum
784 4792 950 4857 aetatibus
978 4790 1056 4856 inde
1082 4794 1277 4882 migrarant.
1321 4795 1451 4859 Verum
1480 4804 1591 4861 tamen
1615 4792 1730 4859 verbis
1758 4790 1896 4858 dieertis
1915 4810 1977 4857 non

236 4913 421 4993 rescribunt,
450 4923 510 4979 aut
531 4934 573 4976 ex
602 4932 667 4996 qua
688 4909 822 4979 Graeca
844 4911 983 4977 natione
1001 4912 1142 4995 fuerint,
1170 4922 1230 4979 ant
1250 4932 1291 4977 ex
1313 4932 1378 4998 qua
1398 4913 1483 4979 urbe
1503 4912 1697 5003 migrarint,
1727 4922 1788 4979 aut
1809 4932 1880 4997 qno
1901 4920 1977 4979 ten·
