4244 5722
943 642 1193 709 ..37-

199 809 471 878 »maledicitur
490 808 548 874 vel
568 806 707 870 minima
726 803 783 869 uel
804 820 969 888 suprema,
992 803 1165 869 observari
1185 803 1282 883 solet,
1303 814 1343 869 ut
1362 822 1438 868 oves
1456 821 1581 892 genere
1601 803 1699 868 virili
1719 804 1944 891 appellentur,

199 940 315 1014 satque
335 933 385 995 ita
404 928 455 996 M.
477 925 593 992 Varro
620 923 725 989 verba
751 920 835 986 baec
863 922 1024 1009 legitima,
1054 922 1175 1008 quibus
1203 922 1343 985 minime
1362 922 1474 1002 multe
1489 919 1673 1001 diceretur,
1695 925 1870 1009 concepit:
1892 923 1943 989 M.

197 1047 515 1131 »Terentioquuudo
529 1046 763 1125 diuturneque
778 1041 1058 1125 respondissetque
1077 1050 1251 1105 exossatus
1271 1047 1333 1120 est,
1354 1058 1417 1124 ego
1439 1042 1469 1105 ei
1488 1060 1583 1105 unwr
1603 1060 1690 1105 ouem
1709 1040 1838 1105 multum
1859 1041 1943 1115 dieo,

197 1187 257 1232 eac
279 1169 345 1231 nisi
366 1187 406 1231 eo
427 1181 549 1255 genere
570 1156 754 1241 diceretur,
775 1170 941 1248 negarunt
957 1164 1082 1241 justam
1101 1156 1214 1224 videri
1234 1158 1408 1222 multam«
1451 1156 1547 1222 Unde
1567 1157 1701 1223 Nonius
1721 1158 1773 1225 M.
1796 1158 1942 1240 111‚153.

195 1287 245 1348 sic
266 1282 489 1350 emendandus
509 1287 580 1344 est:
612 1277 716 1344 »Oves
735 1280 871 1369 generis
897 1278 1067 1359 feminini,
1094 1285 1136 1343 ut
1154 1276 1375 1362 plerumque:
1397 1277 1576 1341 masculini
1597 1276 1712 1342 Varro
1735 1275 1859 1340 Rerum
1880 1275 1944 1341 hu·

198 1424 392 1469 »manarum
411 1399 467 1461 lib.
489 1394 617 1475 XXIII.
639 1406 679 1461 ut
704 1398 805 1461 etiam
830 1397 1064 1476 multentibns,
1092 1398 1151 1479 qui
1179 1414 1254 1460 oves
1281 1394 1374 1475 duos,
1402 1413 1472 1459 uon
1492 1394 1574 1461 dom
1594 1393 1723 1475 dicunt,
1752 1395 1944 1461 Homerum

199 1524 350 1592 semotis,
371 1517 428 1600 qui
448 1517 497 1579 ait
516 1512 594 1601 μῆλ’
615 1504 687 1591 ὅϊές
705 1527 773 1581 us.t
817 1513 862 1580 tt
886 1514 987 1580 aliter
1014 1533 1050 1576 se
1075 1513 1176 1577 habet
1201 1513 1264 1576 ille
1284 1532 1368 1592 moe,
1398 1533 1467 1598 quo
1487 1533 1554 1577 non
1575 1514 1686 1577 solum
1706 1513 1835 1576 Ennius
1855 1509 1945 1598 apud

198 1632 341 1705 Nou.M.
365 1632 425 1710 111,
436 1636 510 1703 237.
528 1638 556 1697 'u
575 1636 679 1715 stirpe
698 1652 843 1715 supremo
863 1632 920 1698 vel
939 1633 1061 1721 Liuius
1082 1629 1294 1694 Andronicus
1315 1628 1405 1714 apud
1424 1631 1558 1696 Festum
1580 1653 1606 1698 s.
1619 1653 1651 1697 v.
1661 1633 1795 1714 stirpen
1816 1641 1851 1696 et
1863 1626 1943 1696 tto-

191 1762 275 1843 jeso
294 1762 328 1818 et
349 1751 595 1837 (trajo-stirpe,
619 1748 678 1815 sed
699 1750 870 1839 Virgilius
891 1768 1024 1835 quoquo
1045 1747 1085 1813 G.
1101 1748 1405 1829 ltili-admorso
1434 1753 1470 1815 io
1496 1753 1612 1833 stirpe,
1640 1749 1681 1812 A.
1694 1746 1773 1830 XII,
1785 1751 1858 1816 208.
1881 1753 1943 1815 imo

194 1875 235 1939 de
252 1874 367 1953 stirpe,
390 1880 426 1934 et
445 1873 517 1940 ⁷81.
540 1871 689 1954 lentoque
708 1871 745 1936 iu
765 1872 870 1952 stirpe
883 1868 981 1933 dixit.
1022 1869 1095 1932 Etsi
1116 1869 1205 1932 enim
1215 1866 1355 1932 Servius
1375 1866 1542 1947 observat,
1565 1866 1606 1931 de
1623 1868 1801 1931 arboribus
1814 1886 1944 1930 mascu-

192 1988 336 2071 line‚.de
350 1989 544 2055 hominibus
562 1990 725 2053 feminine
746 1984 816 2051 dici
836 1989 977 2072 stirpem
997 1986 1191 2074 eVirgilio,
1204 1986 1294 2053 uude
1315 1989 1416 2050 etiam
1427 1983 1558 2067 d.XlI,
1570 1987 1641 2052 tto.
1664 1989 1796 2069 stirpem
1818 2004 1944 2049 sucrum

189 2107 354 2190 scribunt,
374 2109 572 2193 arborisque
591 2109 733 2192 stirpem
754 2106 977 2170 masculinum
997 2105 1169 2170 babentll.
1182 2105 1221 2168 tt.
1234 2107 1416 2191 scriptores
1437 2125 1515 2168 oum
1527 2105 1638 2168 Plinio
1649 2105 1695 2172 H.
1706 2104 1752 2169 N.
1765 2103 1863 2183 VIII,
1875 2103 1942 2182 26,

188 2226 318 2292 Ennius
338 2237 449 2292 tamen
470 2223 560 2310 apud
580 2226 685 2287 Varr.
707 2226 749 2287 L.
761 2226 803 2283 1..
816 2224 896 2298 VII,
908 2228 940 2298 2,
952 2227 1004 2284 16.
1025 2220 1063 2282 eit
1085 2222 1146 2283 titt
1167 2224 1300 2282 Titauis
1322 2224 1443 2284 Trivia
1471 2223 1603 2289 dederit
1628 2226 1770 2310 stirpem
1796 2222 1944 2287 llberum

189 2343 234 2410 de
254 2346 370 2431 pueris
390 2339 542 2421 Medeae,
563 2337 752 2404 Columella
775 2346 895 2400 contra
913 2335 953 2401 lt.
976 2336 1015 2401 Il.
1038 2334 1164 2414 v1,15.
1186 2346 1331 2418 exempto
1350 2340 1455 2419 stirpe
1476 2337 1517 2403 de
1544 2344 1683 2405 surculo
1708 2342 1804 2405 dixit
1849 2343 1942 2405 Hinc

189 2464 293 2527 aliam
316 2461 482 2521 rationem
504 2454 650 2537 protulit
670 2452 800 2514 Probus
810 2451 969 2514 Valerius
990 2449 1079 2534 apud
1100 2449 1188 2516 Gell.
1211 2450 1307 2531 XIII,
1319 2456 1393 2530 20.;
1416 2473 1604 2536 quanquam
1625 2467 1738 2521 autem
1760 2457 1942 2521 secundum

192 2574 442 2663 Quintilianum
462 2570 544 2638 Inst.
567 2588 618 2637 or.
633 2568 662 2650 I,
674 2573 706 2636 6.
729 2585 938 2633 summorum
959 2571 995 2630 in
1017 2569 1209 2652 eloquentia
1229 2571 1384 2633 virorum
1403 2568 1571 2653 judicium
1591 2594 1654 2657 pro
1676 2577 1811 2639 ratione
1832 2587 1866 2641 et
1886 2575 1941 2640 vel

195 2714 293 2785 error
313 2693 472 2756 honestus
492 2697 543 2753 est
561 2707 699 2775 magnos
720 2686 822 2751 duces
841 2687 1067 2772 sequentibus,
1090 2706 1166 2751 cum
1187 2687 1366 2751 Macrobio
1387 2698 1500 2752 tamen
1520 2687 1553 2755 S.
1568 2693 1594 2771 I,
1605 2696 1636 2758 4.
1658 2696 1772 2777 potius
1793 2713 1942 2778 pronun·

193 2809 346 2879 tiendum
366 2819 427 2889 est,
448 2817 581 2873 veteres
602 2804 780 2871 indulsisse
800 2808 918 2892 copiae
938 2825 1000 2889 per
1020 2807 1230 2885 varietatem,
1250 2809 1337 2871 sicut
1352 2806 1508 2872 dicebant
1530 2813 1691 2876 exanimos
1713 2822 1747 2877 et
1768 2806 1939 2892 exanimes,

191 2936 330 2999 inermos
349 2939 384 2994 et
404 2931 549 3012 inermes,
570 2935 645 2990 tum
666 2924 791 2993 littores
812 2936 912 3010 atque
932 2925 1063 2991 bitures.
1107 2922 1205 3006 Quod
1225 2925 1255 2987 si
1275 2927 1389 2991 Festus
1410 2947 1436 2992 s.
1448 2948 1481 2992 v.
1503 2946 1618 3010 specus
1638 2932 1792 3014 scripsit:
1817 2931 1942 2995 »Femi-

192 3052 275 3115 niuo
288 3067 411 3138 genere
430 3045 695 3133 pronuntiabant
715 3046 856 3128 antiqui,
877 3052 1036 3109 nemetes
1057 3054 1221 3126 atnepos,
1244 3054 1313 3108 tam
1333 3044 1488 3117 hercules
1510 3067 1609 3130 quam
1630 3049 1815 3112 masculino
1838 3052 1941 3131 stirps

192 3168 414 3249 eut-{romae
440 3167 477 3227 in
503 3161 629 3228 additis
654 3162 816 3246 exemplis
843 3182 885 3225 ex
911 3163 1020 3225 Ennio
1047 3161 1135 3245 apud
1162 3162 1252 3226 Non.
1274 3162 1323 3231 M.
1346 3163 1493 3241 nitet.
1538 3165 1725 3233 Concava
1745 3165 1804 3233 srib
1825 3169 1942 3233 montis

192 3282 262 3352 lete¹
280 3304 424 3368 specus
444 3278 528 3347 iulu’
548 3280 695 3363 petebat,
712 3289 810 3364 atque
823 3278 990 3344 Pacuvio:
1009 3285 1058 3344 est
1080 3280 1128 3345 iti
1148 3281 1206 3345 sub
1229 3302 1266 3346 eo
1288 3279 1368 3346 adro
1387 3285 1518 3362 penitus
1539 3283 1680 3350 strete
1701 3307 1801 3352 urens
1821 3289 1941 3372 ingc'ne

189 3422 353 3488 spectes,
374 3402 574 3465 femininum
591 3417 695 3489 genus
716 3400 926 3463 nominativo
947 3400 1124 3480 tribuitur,
1146 3401 1234 3465 sicut
1254 3402 1291 3463 in
1312 3401 1466 3465 uersibus
1485 3403 1586 3466 Ennii
1607 3403 1696 3489 apud
1707 3406 1848 3469 Paulum
1859 3406 1940 3471 Dia·

192 3542 312 3590 conum
333 3543 361 3587 s.
383 3542 417 3587 u.
439 3529 562 3584 metus:
610 3517 722 3585 Vivum
751 3536 793 3580 uu
819 3514 940 3582 morior
960 3518 1077 3582 cuttu
1106 3521 1141 3584 in
1167 3539 1214 3582 me
1241 3525 1290 3583 est
1310 3533 1451 3600 metus,
1485 3531 1586 3605 atque
1606 3521 1695 3608 apud
1715 3525 1805 3592 Non.
1829 3525 1937 3588 Marc.

191 3642 337 3724 III,ltl.
379 3637 426 3705 Ni
445 3646 576 3702 metus
595 3632 682 3701 tillo
704 3635 803 3717 lenit,
826 3635 915 3699 recte
935 3634 1055 3701 virtitc
1074 3640 1261 3722 quiescerem
1293 3639 1516 3702 masculinum
1539 3652 1656 3705 contra
1678 3610 1837 3724 ablativo,
1859 3655 1899 3708 ut
1920 3666 1939 3704 a

191 3759 344 3826 Graccho
365 3754 455 3842 apud
474 3758 608 3820 Festum
629 3775 654 3817 s.
669 3777 700 3821 v.
723 3754 807 3819 mulo
832 3774 925 3818 cruce
945 3753 1003 3833 (cf.
1028 3755 1119 3820 Paul.
1137 3757 1239 3819 Diuo.
1264 3777 1289 3823 s.
1303 3779 1335 3824 v.
1358 3759 1533 3822 masculino
1554 3768 1589 3822 ct
1609 3759 1697 3823 Non.
1712 3758 1761 3824 M.
1783 3761 1937 3839 111.31.),

189 3878 301 3961 fronte
327 3877 434 3942 dileto
462 3895 482 3938 a
503 3873 652 3940 Caecilio
681 3872 770 3959 apud
797 3872 885 3936 Gell.
908 3872 987 3953 XV,
998 3877 1028 3941 9.
1051 3877 1107 3952 (ci.
1130 3874 1220 3942 Non.
1243 3874 1292 3939 M.
1316 3873 1379 3954 III,
1390 3876 1468 3957 89),
1501 3876 1581 3943 lenti
1609 3878 1715 3942 calido
1743 3881 1937 3943 aTitinnio
1977 3846 1983 3855 ι

190 3994 277 4084 apud
297 3994 387 4060 Non.
408 3992 458 4057 M.
479 3991 541 4074 ΙΙΙ,
555 3996 637 4073 117,
659 4011 776 4076 magno
796 4011 894 4057 messe
914 4012 934 4054 a
954 3991 1091 4059 Lucilio
1113 3992 1204 4079 apud
1224 3992 1542 4074 Non.M.III,139.,
1565 3996 1845 4080 quemadmodum
1864 3972 1937 4062 Lu·

190 4117 315 4181 cretius
336 4113 486 4191 11,1153.
516 4131 616 4175 aureo
642 4110 746 4193 funis,
778 4109 837 4174 sed
857 4111 997 4175 Plautus
1018 4110 1154 4177 Curcul.
1177 4111 1224 4193 V,
1234 4114 1267 4193 3,
1279 4114 1330 4179 13.
1355 4131 1422 4176 cum
1452 4114 1570 4180 sotello
1591 4115 1701 4199 ferreo
1723 4120 1870 4201 scripsit,
1903 4129 1936 4179 et

189 4250 275 4318 quas
294 4241 372 4296 sunt
387 4208 429 4294 ie
449 4248 554 4318 genus
574 4229 652 4296 ura.

212 4388 215 4393 -
353 4349 606 4413 femininorum
627 4347 792 4414 ablativos
813 4348 902 4436 apud
922 4349 1087 4413 Romanos
1114 4369 1182 4415 non
1210 4324 1245 4415 iu
1269 4354 1298 4418 0
1319 4350 1431 4432 ruodo,
1461 4352 1576 4418 sedin
1602 4355 1634 4421 U
1652 4374 1782 4439 quoqne
1804 4356 1934 4432 exitere,

174 4467 348 4535 adverbia
368 4467 436 4546 diu,
457 4468 610 4548 interdic,
631 4478 742 4549 noctu,
772 4478 957 4534 testanturs
987 4479 1088 4533 noctu
1108 4470 1225 4550 futuro
1252 4476 1341 4536 enim
1367 4473 1552 4537 secundum
1572 4473 1788 4537 Macrobium
1809 4473 1843 4539 S.
1862 4472 1891 4552 1,
1903 4479 1933 4540 4.

189 4587 259 4653 dici
278 4585 418 4666 solebat,
440 4585 718 4670 quemadmodum
739 4596 839 4652 noctu
858 4588 959 4653 multu
979 4587 1069 4673 apud
1090 4587 1268 4654 Claudium
1289 4589 1565 4681 Quadrigarium,
1596 4601 1631 4657 et
1651 4592 1840 4666 durnecto,
1869 4612 1934 4676 quo

188 4717 287 4774 noctu
315 4704 472 4771 concubis
497 4703 589 4793 'apud
614 4708 759 4772 Ennium
788 4706 846 4786 (cf.
875 4706 984 4771 Plani.
1014 4706 1090 4775 Mil.
1118 4707 1270 4790 11,4,28.
1292 4710 1414 4796 Amph.
1436 4712 1463 4792 Ι,
1477 4710 1614 4791 1,116.).
1665 4713 1775 4776 Etiam
1801 4733 1935 4795 vespero

188 4824 311 4891 dixisse
320 4823 482 4891 videntur
490 4835 634 4905 veteres,
656 4825 934 4910 quemadmodum
955 4845 1023 4890 cum
1041 4828 1146 4909 primo
1167 4828 1241 4894 Iucu
1262 4829 1443 4894 Terentius
1453 4828 1515 4892 Ad.
1527 4829 1573 4910 V,
1584 4834 1618 4910 3,
1630 4832 1696 4911 55,
1720 4830 1810 4915 quod
1832 4852 1934 4916 quum

188 4947 224 5008 in
245 4944 418 5032 pulvinari
437 4942 528 5011 Solis
545 4947 643 5027 juxte
668 4944 783 5013 aedem
805 4945 941 5029 Quirini
962 4966 1122 5032 ocsperug
1141 4949 1307 5035 scriptum
1328 4960 1424 5031 esset,
1452 4949 1655 5033 Quintiliani
1675 4951 1828 5034 aequales
1849 4949 1930 5016 Inst.
