4244 5722
955 635 1205 704 ..0-

203 801 371 903 Utraque
402 800 530 877 tabula
552 808 610 877 est
633 799 956 898 opisthographos,
976 801 1043 878 aed
1066 801 1180 879 altera
1192 800 1340 878 Latinis
1363 799 1482 878 literis
1496 815 1644 879 exarata
1669 819 1780 907 atque
1804 821 1954 888 eatenus

204 938 384 1035 bilinguis
409 937 577 1031 dicenda,
603 947 783 1034 quatenus
807 938 850 1011 in
874 935 989 1011 altera
1011 948 1116 1035 parte
1129 936 1264 1014 Latino
1288 963 1464 1015 sermone
1487 941 1689 1037 repetitum
1713 944 1828 1020 fuisse
1851 947 1953 1022 vide-

205 1084 280 1169 tur,
316 1073 418 1173 quod
441 1073 484 1146 iu
517 1071 630 1145 altera
655 1070 766 1147 Oscis
789 1073 915 1147 verbis
948 1075 1198 1170 compositum
1223 1073 1371 1171 legitur.
1421 1077 1520 1151 Tam
1544 1054 1665 1152 'variis
1698 1079 1812 1175 igitur
1835 1080 1955 1157 literis

207 1210 432 1308 perscriptas
455 1207 640 1281 habemus
668 1204 785 1280 Oscae
808 1208 1081 1305 inscriptiones,
1115 1232 1230 1306 quam
1262 1210 1386 1283 variae
1418 1208 1590 1308 ejusdem
1623 1211 1771 1310 linguae
1808 1213 1956 1290 dialecti

205 1344 322 1419 fuisse
346 1344 534 1436 videntur,
560 1366 679 1439 quum
704 1342 917 1416 Mamertini
941 1365 1030 1418 cum
1055 1341 1219 1438 Graecia,
1243 1340 1428 1442 campani
1450 1368 1539 1419 cum
1564 1347 1742 1422 Romanis
1767 1349 1954 1445 permixti,

205 1477 393 1555 Samnites
417 1487 543 1551 autem
576 1486 614 1550 et
646 1475 790 1550 Lucani
815 1500 837 1551 e
862 1476 1013 1551 Sabinis
1042 1480 1239 1575 progressi,
1272 1479 1444 1577 linguam
1478 1479 1543 1554 alii
1576 1480 1684 1555 aliter
1717 1483 1954 1560 excoluerint.

206 1605 342 1678 Ὀπικοὶ
360 1601 511 1696 γλώσσας
531 1604 716 1690 συνέμιξαν,
741 1611 889 1708 scripsit
911 1612 1091 1687 Eudoxus
1116 1615 1183 1689 VI.
1209 1608 1271 1697 tic
1299 1601 1462 1700 σσρσῦδσσ
1485 1616 1689 1690 secundum
1712 1616 1841 1715 Steph.
1866 1617 1957 1715 Bya.

205 1748 307 1824 Hine
330 1772 379 1822 ne
404 1748 681 1847 permiscerem,
717 1770 811 1844 quae
836 1747 931 1820 bena
957 1747 1217 1844 distinguenda
1241 1761 1342 1845 aunt,
1375 1751 1417 1825 in
1441 1750 1587 1826 duabus
1620 1748 1757 1825 tabulis
1781 1749 1959 1850 lithogra-

205 1883 329 1983 phicis
351 1882 615 1981 inscriptiones
641 1906 785 1975 omnes,
818 1904 913 1978 quae
936 1881 1090 1976 majoris
1114 1883 1213 1958 mibi
1236 1886 1422 1960 momenti
1445 1885 1681 1977 videbantur,
1705 1885 1760 1957 sic
1785 1885 1959 1960 collectas

205 2018 373 2112 exhibui,
399 2029 442 2093 ut
466 2020 569 2116 prior
583 2016 721 2091 Oscam
732 2016 912 2091 Bantinae
936 2016 1083 2094 tabulae
1098 2029 1243 2116 partem
1268 2044 1355 2096 cum
1370 2021 1611 2119 inscriptions
1625 2018 1777 2118 Capuae
1801 2029 1958 2117 reperte,

204 2154 387 2253 posterior
410 2152 706 2228 Herculaneusas
736 2160 774 2224 et
805 2152 1055 2239 Pompeianas
1082 2154 1345 2242 inscriptiones
1373 2157 1496 2231 varim
1529 2180 1618 2230 cum
1653 2177 1741 2230 saxo
1774 2153 1957 2229 Abellino

203 2298 242 2362 et
264 2285 502 2360 vasculorum
535 2282 712 2378 cippique
739 2268 1047 2374 inscriptionibus
1083 2268 1283 2353 contiueat.
1332 2274 1431 2351 Eam
1466 2288 1613 2375 partam
1637 2280 1819 2360 Bautinae
1853 2288 1960 2361 uhu.

204 2422 274 2514 lae,
307 2440 402 2517 quae
425 2414 561 2491 Latino
595 2434 769 2487 sermone
793 2419 937 2485 exarata
961 2419 1029 2503 est,
1061 2407 1240 2484 Klenzius
1265 2420 1421 2504 nostras,
1452 2410 1704 2489 Berolinensis
1728 2440 1849 2516 nuper
1872 2441 1961 2517 pro-

203 2557 324 2633 ieasor
347 2551 598 2642 doctissimus,
628 2548 671 2622 iu
694 2545 865 2622 Rhenani
890 2545 1013 2621 Musei
1037 2542 1276 2642 philologiae,
1308 2544 1486 2621 historiae
1509 2546 1811 2647 Graecorumque
1833 2550 1961 2648 philo-

205 2689 360 2789 sophiae
382 2711 405 2762 a
427 2685 635 2762 Niebubrio
660 2693 698 2758 et
720 2681 915 2757 Brundisio
948 2679 1061 2756 dicati
1082 2679 1277 2755 volumine
1301 2680 1465 2755 secundo
1488 2704 1574 2780 pag.
1600 2682 1664 2761 28.
1688 2682 1959 2784 lithographice
2040 2727 2046 2735 ·

207 2826 262 2903 sic
285 2821 498 2924 suppletam
522 2830 632 2919 atque
654 2816 876 2895 illustratam
893 2815 1076 2911 exhibuit,
1100 2825 1144 2921 ut
1165 2815 1229 2889 hic
1251 2839 1328 2891 nou
1351 2818 1554 2915 repetenda
1567 2819 1763 2893 videretur.
1799 2821 1958 2897 Mamer-

206 2962 327 3039 tinam
349 2981 441 3034 vero
463 2954 763 3052 inscriptionem,
778 2952 931 3029 Graecis
955 2948 1075 3025 literis
1098 2973 1323 3049 expressam,
1348 2951 1655 3028 sicutnonnullas
1679 2953 1769 3028 alias
1793 2956 1958 3031 minores

206 3094 337 3187 Oscae,
359 3091 512 3169 nonnisi
535 3089 638 3188 typis
658 3090 702 3163 in
717 3086 817 3162 libro
840 3087 896 3161 sic
919 3085 1096 3160 exhihere
1120 3084 1219 3159 mihi
1231 3084 1351 3178 licuit,
1374 3087 1566 3184 quomodo
1590 3087 1689 3161 mihi
1705 3090 1959 3165 innotuerunt.

206 3232 407 3321 Nummos,
439 3226 508 3326 qui
536 3223 720 3323 permulti
751 3223 906 3321 quidem
936 3230 1038 3316 sunt,
1071 3220 1139 3295 sed
1167 3219 1265 3296 nihil
1289 3220 1368 3296 fere
1402 3222 1480 3297 nisi
1502 3221 1713 3299 abbreviata
1737 3194 1962 3322 plerumque

208 3365 437 3466 oppidorum
466 3358 745 3461 populorumve
773 3358 929 3433 nomina
958 3356 1160 3451 continent,
1193 3356 1419 3432 omittendos
1442 3380 1596 3455 prorsus
1620 3358 1763 3456 putavi,
1796 3360 1962 3457 exceptis

128 3468 132 3477 Ι
207 3498 401 3578 nonnullis
425 3494 654 3587 Samniticis,
686 3491 826 3592 quibus
848 3490 1002 3567 titulum
1034 3490 1151 3588 hujus
1173 3490 1264 3566 libri
1288 3490 1428 3567 ornavi.
1478 3490 1809 3577 Quemadmodum
1833 3505 1961 3570 autem

208 3660 287 3713 non
311 3656 441 3711 omnes
464 3629 727 3730 inscriptiones
748 3626 859 3704 Oscis
882 3626 999 3703 literis
1023 3637 1188 3703 unaue
1211 3628 1382 3724 ejusdem
1406 3625 1555 3705 dialecti
1577 3637 1677 3723 sunt,
1704 3652 1823 3728 quum
1846 3628 1963 3705 Abel·
2016 3642 2021 3649 '

209 3772 289 3851 lani
316 3780 428 3870 atque
449 3746 586 3847 Nolani
617 3789 707 3841 cum
736 3762 892 3863 reliquis
921 3763 1078 3863 quidem
1102 3762 1303 3862 Campanis
1335 3764 1384 3839 ab
1407 3762 1627 3840 Ausonibua
1656 3766 1728 3839 orti
1760 3767 1847 3858 siut,
1881 3765 1965 3857 sed,

210 3919 411 4009 postquam
434 3903 552 3983 Tusci
574 3911 614 3978 et
625 3898 891 3977 Chalcidenses
911 3897 1043 3976 Graeci
1065 3898 1160 3975 fines
1185 3923 1318 3975 eornm
1340 3898 1565 3994 insederant,
1589 3898 1818 3975 Samnitium
1841 3899 1965 3996 magis

212 4068 328 4144 quam
352 4040 633 4138 Campanorum
657 4037 751 4112 socii
773 4035 997 4131 exstiterint3
1022 4037 1076 4111 sic
1100 4036 1256 4112 Bantina
1280 4035 1408 4112 tabula
1430 4036 1478 4111 ab
1490 4033 1674 4111 Abellana
1697 4035 1819 4111 multo
1843 4034 1965 4130 magis

212 4201 386 4257 sermone
415 4175 608 4269 abhorret,
637 4196 751 4273 quam
784 4172 832 4247 ab
861 4172 1016 4271 reliquis
1049 4173 1354 4271 inscriptionibus
1382 4173 1426 4248 in
1450 4168 1656 4270 Campania
1686 4173 1850 4247 detectis.
1901 4169 1968 4242 Ad
2049 4143 2059 4155 ’

211 4314 282 4391 hes
303 4313 431 4410 igitur,
459 4310 568 4386 initio
593 4334 615 4384 a
639 4308 797 4383 Bantina
829 4307 956 4409 tabula
978 4308 1142 4406 bilingui
1164 4310 1274 4403 sacto,
1307 4310 1413 4407 prius
1435 4309 1703 4386 transeundum
1729 4308 1813 4397 erit,
1848 4328 1966 4403 quam

214 4452 261 4527 ad
284 4448 506 4526 Abellanam
530 4444 696 4521 tabulam
723 4444 894 4520 omnium
918 4444 1184 4521 difficillimam
1208 4443 1403 4545 explicatu.
