4244 5722
883 648 1132 720 -35..

137 871 253 967 Pers
291 865 341 959 V.
405 863 572 956 saaca
601 855 867 953 Atellanam
896 854 960 943 ad
986 852 1110 967 pitres
1136 856 1243 973 egri
1268 857 1387 943 ieter
1415 850 1615 947 Abellam
1635 850 1884 979 Nolamque

656 1009 876 1129 regendos
899 1012 1106 1126 positum.
1165 1004 1272 1095 Tab.
1303 1004 1366 1099 ΙΙ.

302 1186 463 1272 Superest
482 1178 553 1242 sari
575 1177 733 1242 Abellani
754 1175 943 1261 inscriptio,
971 1193 1083 1258 quam
1106 1191 1210 1257 mum
1231 1190 1314 1235 cura
1335 1168 1434 1235 Gorii
1461 1171 1643 1258 prodiisset
1664 1175 1700 1241 iu
1721 1174 1884 1258 symbolis

139 1310 210 1387 eius
232 1306 407 1382 litorariis,
434 1300 466 1365 J.
488 1298 525 1363 B.
549 1296 720 1362 Passerius
740 1311 911 1382 exponere
932 1301 1071 1358 conatus
1091 1301 1143 1356 est
1162 1293 1200 1356 in
1220 1289 1400 1361 Memoriis
1419 1292 1535 1355 uariae
1555 1290 1759 1359 eruditionis
1779 1296 1886 1357 socie·

139 1428 219 1491 tatis
240 1419 474 1489 Columbariae
494 1416 708 1481 Florentinae
722 1414 803 1480 Vol.
816 1414 874 1494 11.‚
895 1409 986 1476 nude
1007 1420 1141 1476 nostrae
1161 1408 1297 1474 tabulas
1319 1406 1404 1475 duas
1423 1412 1566 1499 paginae
1586 1410 1776 1498 descriptae
1795 1422 1884 1477 sunt

139 1540 304 1629 Lapidem
326 1536 409 1601 olim
432 1536 638 1601 collocatum
658 1536 760 1599 luisse
782 1532 825 1598 ad
845 1534 927 1597 iines
949 1533 1025 1620 agri
1047 1530 1205 1595 Abellsni
1226 1526 1420 1614 Nolaniepue
1445 1527 1608 1618 regendos
1628 1531 1696 1609 jam
1717 1529 1888 1595 Passerius

140 1661 242 1739 vidit3
262 1658 461 1744 priusquam
481 1675 565 1721 uero
575 1664 811 1744 argumentum
831 1652 1173 1740 utriusquepaginas,
1196 1668 1338 1734 quarum
1359 1649 1457 1733 prior
1470 1649 1523 1727 32,
1546 1648 1768 1733 posterioria
1787 1645 1888 1713 valde

142 1778 304 1846 modiatio
333 1774 487 1840 versibus
508 1782 649 1854 constat,
672 1772 878 1860 persingula
897 1771 1002 1835 rerba
1014 1771 1186 1835 illustrare
1207 1784 1381 1847 memor,
1403 1762 1446 1830 de
1466 1768 1631 1830 sermonis
1652 1763 1767 1831 indole
1787 1777 1888 1851 atque

140 1897 316 1960 literarum
335 1914 400 1959 usu
420 1890 581 1978 quaedam
603 1910 823 1978 praemonere
845 1890 956 1957 liceat.

303 2011 424 2075 Abella
445 2010 582 2095 quidem
602 2018 637 2074 et
657 2009 749 2074 Nola
777 2007 911 2095 oppida,
944 2005 985 2073 de
1007 2026 1150 2092 quorum
1170 2005 1292 2070 fluibus
1320 2005 1392 2094 agit
1411 2003 1604 2089 inscriptio,
1635 2004 1765 2091 pariter
1792 2014 1891 2089 atqua

137 2128 372 2194 Herculanum
393 2141 428 2196 et
448 2130 599 2216 Pompeii
620 2133 657 2194 in
679 2128 861 2215 Campania
883 2123 1018 2190 condita
1038 2135 1116 2190 sunt
1137 2124 1180 2188 ab
1200 2122 1407 2205 husonibus,
1440 2122 1498 2186 sed
1523 2132 1701 2209 postquam
1721 2122 1827 2186 Tusci
1857 2132 1892 2187 et

137 2244 375 2313 Chalcidenses
396 2269 415 2312 e
437 2247 582 2310 Graecia
609 2251 683 2308 ioca
702 2248 760 2306 ills
781 2243 1007 2325 possederant,
1039 2238 1245 2301 Samnitium
1264 2240 1373 2323 magis
1393 2259 1495 2319 quam
1516 2239 1765 2327 Campanorum
1786 2222 1895 2306 socie-

99 2370 104 2377 '
137 2374 245 2431 satem
266 2366 448 2430 coluerunt
468 2360 611 2426 incolae.
645 2360 737 2421 Hinc
758 2356 894 2420 tabulae
914 2364 1051 2418 nostrae
1072 2351 1232 2417 disiectus
1254 2354 1288 2416 in
1311 2353 1484 2417 nonnullis
1499 2352 1643 2419 Sabinae
1662 2361 1769 2446 magis
1791 2378 1892 2442 quarn

136 2482 308 2549 Romanae
328 2481 466 2562 linguae
486 2473 609 2536 similis
639 2469 887 2534 succidetur:
930 2468 1049 2532 Sabini
1077 2480 1169 2534 certe
1189 2469 1366 2552 fliteram
1392 2482 1561 2555 amarunt,
1592 2494 1677 2557 qnae
1709 2478 1745 2538 in
1776 2486 1894 2542 nostra

137 2596 254 2665 tabula
271 2595 405 2679 saepius
425 2611 524 2677 quam
545 2591 569 2655 d
587 2591 689 2654 litera
708 2588 867 2653 ablativis
886 2584 1034 2652 additur.
1077 2586 1118 2650 ln
1149 2588 1321 2652 nonnullis
1348 2598 1461 2654 tamen
1493 2590 1687 2656 Tuscorum
1714 2596 1768 2657 vis
1789 2615 1893 2684 agno·

142 2717 258 2792 scitur,
289 2720 390 2795 atque
411 2706 685 2772 Chalcidensium
710 2706 863 2789 petentia
890 2704 1020 2766 inillis
1049 2705 1190 2771 urbibus
1210 2715 1302 2769 tanta
1322 2708 1401 2788 init,
1434 2719 1473 2774 ut
1503 2708 1655 2774 Justinus
1683 2708 1763 2792 XX,
1777 2716 1808 2781 l.
1839 2733 1894 2779 eas

142 2832 415 2902 Chalcidensium
437 2832 587 2896 colonias
607 2826 743 2893 dixerit.
787 2820 1074 2908 Quemadmodum
1104 2824 1211 2912 igitur
1236 2824 1399 2890 nonnulla
1430 2827 1597 2891 vocabula
1623 2826 1788 2895 Graecam
1814 2852 1894 2920 pru·

141 2950 225 3018 dunt
247 2954 426 3041 originem,
449 2951 499 3013 sic
519 2948 639 3012 Tuscis
660 2948 802 3009 fortasse
824 2941 967 3006 debetur
987 2942 1146 3022 frequens
1165 2961 1244 3005 usus
1265 2946 1442 3007 nominum
1461 2948 1498 3008 in
1520 2946 1534 3010 i
1553 2951 1760 3019 exeuntium.
1801 2950 1896 3017 Scri·

140 3081 244 3159 ptura
263 3068 410 3155 quidem,
432 3068 520 3131 sicut
541 3066 578 3129 in
599 3062 740 3148 reliquis
752 3061 846 3125 Oscis
869 3058 1158 3142 inscriptionibus,
1180 3068 1317 3122 eatenus
1327 3059 1438 3124 Tusca
1460 3073 1520 3139 eet,
1541 3075 1704 3149 quatenus
1720 3089 1895 3156 asemper

141 3209 206 3278 pro
226 3208 248 3255 c
268 3187 448 3265 scribitur3
470 3181 530 3249 sed
541 3180 751 3247 Graecorum
771 3179 824 3244 ris
845 3180 882 3240 in
903 3195 944 3241 eo
965 3178 1169 3265 agnoscitur,
1192 3175 1281 3261 quod
1301 3196 1369 3241 non
1390 3179 1544 3244 solan
1563 3202 1628 3266 pro
1650 3184 1696 3266 V,
1718 3184 1755 3260 V
1776 3199 1896 3256 centra

143 3306 257 3396 proO
285 3307 331 3369 sit
358 3305 479 3389 posita,
510 3320 631 3368 verum
663 3300 765 3363 etiam
796 3316 860 3384 pro
886 3296 1024 3379 abiectis
1051 3295 1207 3381 aspiratis
1226 3296 1257 3361 d
1276 3307 1312 3362 et
1329 3320 1351 3378 χ
1371 3307 1487 3364 tenues
1507 3303 1542 3384 β,
1564 3321 1595 3386 y,
1618 3300 1649 3382 d,
1671 3305 1721 3369 ita
1741 3318 1895 3395 receptae

142 3428 223 3507 sint,
243 3434 284 3489 ut
304 3421 336 3486 D
358 3440 422 3508 pro
442 3420 486 3502 ii,
507 3421 537 3483 R
557 3428 686 3499 contra,
707 3418 797 3482 sicut
817 3418 853 3478 in
865 3416 1031 3480 Oscorum
1042 3414 1290 3502 Campanorum
1310 3416 1501 3499 literatura,
1523 3439 1587 3505 pro
1601 3418 1633 3483 D
1655 3424 1738 3507 poni
1758 3426 1894 3494 soleret.

144 3544 274 3609 Literis
293 3542 408 3630 ligatis
428 3546 542 3603 antem
562 3539 600 3601 in
619 3556 697 3602 eum
717 3533 854 3600 modum
875 3530 1032 3616 abundat,
1064 3536 1246 3620 praecipue
1272 3536 1309 3598 iu
1328 3536 1451 3621 'priore
1472 3541 1604 3626 pagina,
1637 3540 1828 3629 inscriptio,
1856 3558 1896 3615 ur

147 3663 251 3728 etiam
271 3658 357 3726 duae
378 3657 526 3741 syllabae
546 3656 653 3721 caenob
674 3657 711 3718 in
732 3673 832 3718 unam
852 3653 998 3739 figuram
1018 3652 1219 3719 coaluerint.
1263 3649 1423 3718 Ceterum
1444 3659 1557 3721 omnia
1576 3658 1755 3742 vocabula,
1777 3666 1895 3729 sinon

143 3788 292 3866 puncto,
324 3775 507 3843 intervallo
540 3773 683 3862 quodam
714 3772 882 3854 sejuncta,
915 3781 966 3853 et,
997 3774 1152 3855 quamvis
1179 3771 1357 3836 nonnullas
1388 3773 1505 3838 literas
1537 3795 1714 3863 perperam
1743 3794 1895 3849 exeram

144 3895 445 3986 deprehendamus,
466 3904 536 3961 tarn
556 3892 663 3960 nitide
683 3893 873 3980 perscripta
893 3900 981 3973 sunt,
1001 3901 1042 3956 ut
1060 3893 1160 3978 prior
1180 3890 1292 3956 saltim
1314 3893 1435 3982 pagina
1455 3895 1535 3959 satis
1556 3899 1663 3980 possit
1682 3898 1858 3987 explicari.

614 4115 651 4192 1.
703 4112 820 4191 Prior
842 4109 994 4191 subulca
1017 4106 1229 4190 Abellanae
1252 4114 1413 4220 pagine.

310 4244 451 4335 Impidis
470 4268 634 4314 summam
656 4256 788 4336 partem
809 4268 877 4312 non
898 4255 1087 4312 truncatam
1108 4265 1191 4328 esse,
1219 4247 1387 4313 Passerius
1407 4249 1475 4332 jam
1495 4269 1538 4314 ex
1558 4268 1599 4314 eo
1621 4253 1777 4336 conjecit,
1806 4257 1895 4341 quod

144 4386 249 4456 supra
268 4369 398 4454 primos
418 4386 536 4431 versus
554 4372 667 4458 largus
687 4368 916 4454 conspiciatur
946 4384 1074 4455 margo.
1116 4364 1244 4432 Nescio
1274 4365 1420 4452 quidem,
1452 4389 1519 4453 qua
1548 4389 1587 4433 re
1614 4373 1742 4437 iactum
1769 4375 1825 4456 sit,
1856 4389 1896 4444 ut

145 4508 217 4555 non
237 4486 349 4552 solnm
369 4487 406 4550 in
427 4488 534 4551 trium
553 4490 743 4574 primorum
764 4506 925 4554 versuum
945 4484 1023 4566 fine,
1051 4482 1167 4550 sedin
1188 4484 1298 4550 media
1318 4506 1450 4572 quoque
1477 4489 1573 4553 tertii
1594 4509 1711 4554 versus
1731 4510 1817 4558 roco
1837 4513 1896 4560 ua·
1986 4570 1991 4580 Ι

145 4626 251 4673 cuum
270 4607 418 4691 spatium
438 4606 598 4673 relictum
618 4609 681 4688 sit,
714 4604 773 4671 sed
801 4625 905 4690 quum
937 4603 1060 4670 borum
1087 4624 1247 4670 versuum
1275 4608 1441 4670 sententia
1466 4609 1515 4670 sic
1543 4607 1684 4672 enodari
1705 4613 1822 4695 possit,
1855 4625 1896 4681 ut

145 4724 236 4790 nihil
256 4727 329 4790 iere
350 4722 579 4805 desideretur,
609 4736 668 4792 aut
695 4745 778 4793 vere
805 4735 866 4792 ant
893 4726 1039 4791 iortuito
1064 4726 1246 4811 perfectam
1277 4734 1397 4810 putare
1424 4745 1599 4812 possumus
1625 4729 1894 4817 inscriptionem.

145 4843 258 4928 Quam
276 4841 432 4910 diversus
458 4863 542 4910 vero
570 4846 676 4911 fuerit
695 4844 939 4912 Abellauorum
966 4843 1243 4930 Nolanorumque
1273 4862 1385 4909 sermo
1416 4843 1458 4908 ab
1491 4865 1543 4927 eo,
1574 4866 1673 4932 quem
1704 4850 1741 4912 in
1773 4854 1896 4918 ceteris

148 4960 244 5029 Oscis
263 4963 540 5047 inscriptionibus
561 4960 856 5050 deprehendimus,
881 4971 951 5052 jam
971 4965 1120 5051 primum
1139 4960 1240 5031 docet
1257 4962 1462 5030 vocabulum
1483 4964 1621 5048 albeme,
1650 4965 1740 5051 quod
1760 4970 1797 5033 in
1818 4970 1896 5038 aliis

1394 5132 1440 5200 5*
