4244 5722
939 604 1184 671 ..5⁶-

187 792 254 859 pro
275 765 436 836 Xossdsou
457 777 520 834 cet.
541 790 574 833 ν.
586 772 617 835 5.
639 775 814 829 exaratum
835 764 997 832 videmus.
1052 765 1150 849 Quod
1167 758 1287 857 Ὑδρὲς
1308 779 1426 834 contra
1446 766 1610 853 Stephani
1630 766 1810 850 Bysantini
1825 770 1947 847 'anim-

185 890 419 958 adversionem
446 888 484 949 in
512 896 627 949 nostra
654 886 875 969 inscriptione
901 906 978 949 cnm
1004 884 1173 966 adjectivo
1201 888 1357 950 feminini
1376 889 1512 976 generis
1533 897 1760 967 construatur,
1791 908 1864 953 non
1891 894 1949 953 est

186 1004 390 1086 mirandum,
412 1024 517 1088 quum
537 1001 721 1067 secundnm
742 1003 948 1089 Stephanum
961 996 1077 1093 Τάρας
1098 1024 1229 1090 qnoque
1250 1016 1284 1070 et
1302 1006 1439 1085 Σελινὲς
1450 1005 1583 1091 aliaque
1605 1008 1703 1071 istius
1723 1009 1854 1095 generis
1875 1022 1946 1070 no-
1967 1034 1973 1045 ·

89 1154 92 1159 ¹
185 1130 277 1191 mina
296 1144 361 1212 pro
383 1125 557 1187 femininis
579 1126 688 1209 accipi
708 1124 847 1188 soleant
889 1122 1001 1210 Magis
1028 1124 1135 1211 igitur
1163 1126 1282 1203 miror,
1310 1124 1399 1209 qnod
1427 1125 1509 1190 litus
1538 1128 1629 1190 inter
1650 1125 1795 1190 Mettabi
1825 1123 1947 1189 sedem
2012 1180 2015 1185 ,

167 1249 255 1311 ¹sive
274 1244 513 1329 Metapontum
534 1253 634 1337 atque
654 1240 801 1324 Sybarin
817 1243 1019 1306 Oenotriam
1029 1238 1228 1319 Χωνεδονὰς
1249 1233 1353 1319 ἀκτὰς
1362 1246 1536 1309 vocaverit
1556 1246 1749 1329 inscriptio,
1769 1246 1837 1307 nisi
1851 1243 1947 1307 hano
1979 1234 1982 1239 ’

183 1363 346 1446 adjectivi
366 1364 512 1425 formam
534 1360 659 1425 Chonis
679 1364 854 1446 propriam
875 1370 995 1445 putare
1005 1362 1103 1443 velis,
1125 1359 1402 1446 quemadmodum
1422 1357 1581 1428 Χωνέτου
1601 1366 1699 1429 fluvii
1719 1381 1852 1428 nomen.
1896 1360 1947 1429 Et

50 1541 54 1547 .
186 1486 224 1546 in
244 1479 450 1548 Chonedono
472 1481 577 1545 litore
599 1478 695 1544 etad
717 1478 905 1544 Chonetum
925 1481 1066 1543 fluvium
1086 1478 1218 1544 Chones
1239 1480 1417 1561 habitasse,
1438 1482 1504 1543 etsi
1525 1480 1660 1564 Sybaris
1682 1483 1869 1547 Oenotriae
1889 1476 1946 1543 di-

187 1603 279 1665 citur
304 1610 407 1685 atque
434 1598 609 1676 Pandosia,
638 1618 758 1686 regum
779 1597 961 1662 Oenotriae
989 1601 1094 1687 regia,
1132 1598 1314 1662 secundum
1342 1597 1544 1662 Strabonem
1564 1596 1959 1687 v1‚1,s,a.pag.2at
2014 1676 2017 1681 ¹

186 1720 261 1785 256.
273 1717 315 1780 ad
325 1717 550 1783 Acherontem
572 1720 712 1781 lluvium
734 1719 770 1779 in
782 1715 924 1781 Crathin
945 1718 1139 1781 influentem
1159 1720 1224 1781 sita
1244 1720 1345 1779 luisse
1366 1716 1516 1798 videtur,
1541 1726 1642 1780 testea
1663 1718 1742 1780 sunt
1760 1717 1888 1781 Strabo
1909 1722 1953 1779 at

186 1837 407 1923 [lycophron.
452 1838 697 1923 Ouumqautem
719 1856 769 1914 ea,
801 1856 884 1920 qnae
904 1834 1027 1899 Strabo
1048 1856 1088 1898 ex
1110 1835 1268 1899 Antiochi
1289 1834 1504 1919 Syracusani,
1525 1832 1702 1913 Herodoto
1724 1844 1823 1918 atque
1843 1832 1953 1899 'rnu-
1989 1856 1996 1871 ²

188 1955 304 2043 oydidi
322 1958 395 2020 iera
415 1955 576 2038 aequalis,
603 1974 706 2039 opere
728 1954 770 2017 de
791 1955 890 2018 ltalia
911 1956 1088 2039 excerpsit,
1118 1957 1376 2038 inscriptionem
1403 1962 1552 2017 nostram
1572 1974 1674 2038 qnam
1695 1954 1838 2017 maxime
1859 1951 1956 2016 illu·

187 2085 305 2155 strent,
326 2074 490 2139 nonnulla
510 2072 567 2137 hic
588 2074 732 2137 collecta
751 2092 942 2159 proponere
963 2072 1048 2135 mihi
1069 2073 1181 2139 liceat.
1985 2132 1988 2137 ,
2012 2158 2016 2163 ,

354 2191 402 2255 Ut
423 2210 464 2254 ea
482 2193 739 2275 pretermittam,
767 2209 850 2269 quae
871 2190 1056 2251 Antiochus
1078 2189 1167 2272 apud
1188 2190 1389 2253 Strabonem
1410 2187 1681 2268 v1‚1.init‹te
1707 2188 1797 2256 Velio
1816 2199 1952 2253 contra
2012 2170 2019 2216 ³

188 2307 388 2374 Oenotrides
410 2308 537 2370 insulas
558 2304 694 2371 condita
714 2304 857 2369 tradidit
875 2305 932 2368 hic
953 2306 1065 2367 aliena
1086 2316 1186 2389 atque
1206 2316 1286 2369 nota
1306 2308 1389 2369 satis
1409 2326 1450 2369 ex
1460 2306 1637 2371 Herodoto
1647 2305 1771 2387 1„1ttt.,
1792 2307 1835 2368 ad
1848 2306 1953 2369 liha-

187 2431 283 2517 gium
312 2429 428 2493 statim
456 2444 478 2487 a
496 2423 772 2487 Chalcidensibus
798 2422 974 2487 conditum
1001 2434 1146 2502 transeo,
1180 2423 1221 2487 de
1242 2444 1308 2507 quo
1329 2424 1514 2511 Antiochus
1534 2424 1719 2490 secundum
1739 2422 1949 2489 Strabonem

188 2544 511 2630 V1,1,o.pay.25⁷.
533 2545 724 2627 scripserat,
748 2538 983 2602 Chalcidenses
1004 2560 1025 2602 a
1046 2540 1222 2604 Zanclaeis
1244 2551 1399 2607 evocatos
1419 2544 1673 2628 prinpipemque
1694 2543 1852 2609 coloniae
1870 2541 1946 2607 aa·

189 2664 385 2728 timnestum
405 2662 450 2723 iis
471 2664 690 2763 coaptitntum
710 2660 822 2720 fuisse.
866 2657 988 2720 Totam
1009 2666 1122 2721 autem
1142 2661 1241 2722 istam
1262 2662 1437 2747 regionem
1467 2662 1517 2725 ait
1536 2662 1656 2747 priscis
1686 2659 1895 2743 temporibus
1923 2676 1947 2721 a

189 2780 316 2847 Siculis
328 2776 501 2862 (quaejam
514 2776 679 2861 Odysseae
696 2786 815 2840 auctor
829 2777 936 2854 novit,
957 2775 1216 2859 etThncydides
1227 2776 1335 2841 adhuc
1346 2776 1408 2857 Vl,
1420 2782 1450 2843 2.
1463 2798 1524 2843 sua
1544 2789 1652 2843 aemta
1671 2778 1722 2841 ibi
1741 2778 1885 2851 invenit)
1907 2786 1946 2843 et

188 2896 405 2987 Morgetibns
425 2895 610 2960 habitatam
637 2897 750 2973 fuisse,
783 2912 905 2977 eosque
930 2894 971 2957 ab
1000 2895 1157 2959 Oenotris
1183 2897 1373 2980 insequenti
1400 2906 1553 2981 tempore
1578 2898 1693 2982 pulsos
1720 2898 1757 2959 in
1785 2894 1943 2961 Siciliam

102 3020 112 3033 '
189 3018 370 3099 trajecisse.
394 3096 398 3103 Ι
421 3011 516 3077 Idem
542 3011 665 3077 Strabo
686 3012 748 3091 Vl,
763 3018 792 3092 l,
805 3017 834 3079 4.
849 3032 925 3099 pag.
938 3013 1010 3081 254.
1041 3012 1123 3077 haec
1148 3016 1304 3099 scripsit:
1337 3014 1542 3080 »Antiochus
1567 3017 1605 3078 in
1630 3033 1746 3102 opere,
1774 3011 1866 3097 quod
1891 3011 1938 3077 da

192 3135 309 3201 »Italia
321 3133 532 3217 conscripsit,
553 3130 638 3193 hanc
653 3132 826 3219 regionem
848 3133 896 3194 ait
905 3130 1037 3195 ltaliam
1058 3131 1258 3217 appellatam
1279 3135 1393 3214 fuisse,
1414 3154 1454 3197 ac
1475 3132 1517 3197 de
1536 3152 1577 3199 ea
1595 3153 1631 3197 se
1650 3134 1820 3212 scriberc3
1840 3134 1942 3217 prins

191 3265 323 3319 »autem
351 3248 477 3314 dictam
504 3250 606 3312 luisse
628 3249 834 3312 Oenotriam.
898 3248 1099 3314 Terminnm
1125 3259 1239 3329 aulem
1268 3253 1302 3313 ei
1325 3253 1499 3316 constitnit
1518 3250 1561 3315 ad
1581 3270 1674 3315 marc
1693 3250 1830 3335 quidem
1847 3248 1946 3333 Tyn.

192 3373 368 3451 arbanam,
388 3387 490 3453 quem
510 3386 570 3431 nos
592 3367 735 3431 Bruttiis
757 3370 1008 3456 assignavimus,
1029 3370 1140 3433 Laum
1158 3370 1300 3449 flumem
1321 3368 1364 3433 ad
1384 3369 1538 3434 Siculum
1558 3378 1670 3435 autem
1690 3368 1939 3455 Metapontum,
2003 3340 2015 3389 ⁶

193 3489 280 3558 sSed
301 3488 522 3554 Tarentinam
541 3489 728 3575 regionam,
760 3507 846 3571 quaa
873 3490 1032 3552 continuo
1060 3508 1178 3577 agrum
1199 3488 1474 3574 Metapontinmn
1492 3488 1720 3573 subsequitur,
1752 3497 1853 3553 extra
1871 3484 1940 3551 Ita·

192 3610 293 3680 »liam
313 3608 375 3671 suh
396 3606 558 3693 Jagypiac
579 3609 714 3669 nomine
734 3616 854 3670 censet.
897 3605 996 3691 Apud
1007 3610 1209 3673 vetustiores
1219 3617 1342 3695 ,autem
1362 3610 1411 3673 ait
1431 3626 1488 3671 eos
1509 3618 1640 3673 tantum
1652 3608 1818 3673 Oenotros
1839 3616 1941 3693 atqua

192 3728 313 3794 »Italos
333 3727 436 3789 inisse
458 3723 600 3805 habitos,
634 3727 693 3808 qui
720 3726 810 3788 intra
838 3724 1000 3789 isthmum
1025 3728 1084 3791 siti
1103 3746 1220 3791 versus
1240 3728 1366 3793 fretum
1385 3738 1565 3815 vergerent
1586 3725 1769 3792 Siculum«
1813 3722 1939 3817 Eadem

191 3855 335 3912 testatur
355 3844 554 3910 Aristoteles
575 3843 672 3907 Polit.
694 3842 771 3921 Vll,
784 3845 829 3924 9.,
852 3847 924 3931 ipsa
934 3844 1038 3925 verbs
1047 3865 1130 3909 vero
1143 3845 1302 3911 Antiochi
1315 3849 1423 3917 refert
1436 3846 1620 3930 Dionysius
1640 3842 1824 3925 Hali-12.
1838 3852 1875 3909 et
1885 3822 1936 3913 di.

192 3964 315 4029 additis
340 3965 383 4026 iis
405 3961 447 4026 de
467 3961 604 4040 Siculis,
633 3983 718 4046 qnae
739 3962 829 4041 1‚22.
852 3983 919 4026 non
940 3966 1082 4029 multum
1111 3964 1326 4031 abhorrentia
1346 3986 1367 4029 a
1387 3960 1596 4049 Thucydidis
1615 3964 1810 4039 narratione
1831 3960 1937 4036 vta

192 4084 405 4171 repetuntur.
453 4080 575 4145 Strabo
603 4090 715 4145 antem
741 4101 816 4169 pag.
828 4084 899 4150 2²5.
922 4085 972 4147 sic
993 4088 1126 4174 pergit:
1152 4084 1332 4149 »successu
1356 4084 1518 4170 temporis
1543 4084 1594 4146 ait
1613 4076 1799 4146 Antiochm
1819 4076 1936 4145 Italics

193 4212 248 4269 »ct
268 4201 448 4264 Oenotriae
476 4219 598 4263 nomen
627 4201 730 4262 inisse
757 4211 978 4289 propagatum
1004 4222 1108 4287 usque
1128 4202 1170 4267 ad
1190 4203 1454 4311 Metappnticam
1482 4212 1516 4266 et
1536 4198 1715 4265 Siritidem
1742 4200 1934 4288 regionem:

192 4320 377 4383 »habitasse
403 4320 495 4381 enim
519 4338 560 4381 ea
588 4319 664 4383 loca
692 4317 834 4397 Chones,
861 4330 994 4407 gentem
1020 4321 1234 4386 Oenotricam
1253 4302 1334 4386 satis
1360 4320 1521 4399 nobilem,
1553 4319 1798 4401 territorioque
1819 4324 1937 4379 noman

193 4436 362 4504 »Choniae
382 4438 532 4499 lecisset
564 4436 660 4501 Mala
679 4438 730 4501 ibi
752 4398 965 4502 Casaubonds
985 4440 1080 4503 urbis
1101 4461 1222 4505 nomen
1242 4434 1376 4525 Χιόνην,
1397 4458 1483 4523 quae
1503 4457 1603 4523 snper
1624 4455 1738 4501 arcam
1758 4432 1936 4499 Crimissa

191 4579 212 4622 a
232 4558 420 4622 Philoctete
440 4558 478 4618 in
500 4552 776 4620 Crotoniatarum
804 4577 887 4645 agro
913 4557 1084 4623 conditam
1109 4563 1174 4624 sita
1201 4562 1278 4639 luit,
1311 4578 1374 4644 pro
1395 4558 1543 4646 regionis
1562 4558 1700 4620 nomine
1720 4548 1860 4637 vas'yr
1879 4568 1936 4637 pv·

191 4675 338 4743 neudum
358 4676 508 4739 censuit:
531 4684 713 4759 utrumque
733 4679 823 4743 enim
846 4697 966 4743 nomen
986 4698 1054 4743 non
1075 4692 1189 4743 nostra
1209 4679 1319 4742 solum
1339 4677 1530 4760 inscriptio,
1551 4673 1610 4739 sed
1626 4672 1840 4758 Lycophron
1859 4688 1937 4757 qua·

191 4814 256 4880 que
278 4797 439 4883 agnoscit.
472 4794 574 4858 llecte
595 4804 708 4859 autem
718 4796 904 4861 Antiochus
923 4816 1019 4861 more
1040 4800 1264 4883 antiquorum,
1287 4798 1405 4883 quibus
1425 4795 1603 4880 inscriptio
1624 4802 1741 4857 nostra
1760 4784 1937 4887 tribpsais

191 4924 253 4993 est,
273 4925 313 4978 ut
333 4911 509 4979 Strabonis
529 4914 643 4978 verbis
663 4923 753 4993 utar,
774 4916 962 5001 simplicius
983 4915 1078 4992 dixit,
1099 4917 1194 4983 nullo
1216 4920 1328 5005 posito
1346 4916 1564 4983 Lucanorum
1583 4920 1618 4975 at
1637 4894 1938 5015 Bruttiorum-,db
