4244 5722
1010 594 1299 675 -ἰι-·

278 778 445 858 v1,a,5t
467 778 556 853 teto,
642 775 734 839 clseeu
832 774 934 857 poplo
992 796 1089 840 nosce
1190 779 1249 850 ier,
1271 773 1327 837 ete
1399 794 1454 840 ceo
1472 777 1580 858 poplo.

461 896 585 972 Facito,
606 896 732 957 sivein
753 894 816 956 hoc
837 896 962 978 populo
983 897 1163 978 separatim
1184 914 1247 972 eas,
1270 896 1340 955 sive
1360 894 1396 954 in
1416 894 1477 957 illo
1498 894 1632 980 populo.

280 1018 435 1096 Vl,a,54
456 1035 502 1096 sq.
524 1012 624 1094 Sopir
644 1012 725 1076 labe
746 1032 823 1075 erote
842 1014 937 1094 pople
954 1024 1089 1096 portato
1109 1014 1175 1092 olo,
1195 1033 1257 1094 poe
1276 1023 1435 1094 mereret,
1458 1015 1636 1095 fetmuru,
1675 1014 1765 1093 pirre
1791 1030 1874 1077 mers
1932 1023 1992 1077 eet.

278 1137 389 1220 Siquis
410 1134 508 1197 hebet
529 1136 564 1194 in
586 1133 654 1194 illis
665 1133 796 1216 populis
807 1143 970 1196 sacratum
983 1131 1121 1216 aliquid,
1133 1133 1191 1194 ubi
1201 1134 1346 1195 salutare
1357 1143 1416 1213 cst,
1428 1136 1547 1211 facito,
1569 1142 1656 1211 urat,
1668 1142 1770 1215 prout
1778 1132 1923 1196 salutare
1934 1140 1990 1194 est

280 1253 340 1334 Vl,
352 1253 434 1335 a‚55
453 1273 500 1334 sq.
525 1249 661 1331 Trioper
681 1250 792 1313 citetur
812 1251 969 1315 stabamus
990 1251 1079 1331 ifout
1100 1261 1256 1315 termnoco
1279 1271 1343 1315 cont
1361 1255 1525 1332 prinuatir
1545 1252 1684 1316 otolsito:

524 1370 593 1432 Ter
612 1347 973 1453 pacanem‘instituito:
996 1369 1072 1432 inde
1092 1372 1223 1433 flamme
1243 1390 1319 1432 cum
1338 1371 1533 1432 suffimentis
1554 1381 1719 1453 operator.

281 1493 342 1569 Vl,
354 1511 385 1569 e,
396 1494 447 1557 56.
469 1507 527 1551 eno
548 1489 635 1551 deitu
656 1485 868 1567 or[r]moltomo
890 1489 1087 1553 roterodamo
1107 1493 1258 1554 Iooiuur:
1362 1509 1421 1551 eno
1463 1507 1529 1551 com
1545 1492 1724 1570 prinestir,

462 1605 539 1669 inde
561 1603 664 1669 dicito
685 1606 840 1690 placitam
862 1609 1082 1691 expiationem
1104 1608 1339 1694 Iguvinorum:
1362 1603 1439 1667 inde
1461 1626 1536 1667 cum
1557 1608 1764 1685 suffimentis,

281 1728 435 1804 v1,a‚56
456 1747 503 1807 sq.
522 1727 678 1805 perceris,
699 1727 813 1803 oacrio,
835 1724 1029 1790 ombretuto:
1052 1746 1113 1807 ope
1136 1725 1362 1805 ombreforent,
1385 1734 1549 1787 termnome
1570 1723 1732 1803 deaurent,

525 1845 632 1922 castis,
654 1845 767 1922 sacris,
789 1855 973 1906 cremento:
997 1856 1169 1928 postquam
1189 1845 1381 1921 cremarint,
1401 1844 1534 1905 flamma
1553 1844 1713 1927 auspicati
1735 1844 1870 1919 fuerint,

281 1964 340 2041 Vl,
352 1983 382 2043 a,
393 1965 444 2029 57.
468 1971 625 2024 termnum
668 1979 732 2023 com
771 1965 938 2042 prioratir
979 1983 1032 2026 eoo
1050 1966 1259 2044 persnimortc
1322 1972 1454 2027 tacetur.

462 2082 498 2141 in
518 2081 649 2141 {lamma
669 2099 744 2139 cum
764 2081 960 2140 suffimentis
982 2079 1045 2140 hoc
1066 2090 1243 2162 precentor
1262 2099 1338 2140 cum
1359 2081 1503 2146 silentio.

441 2198 492 2260 24.
536 2194 588 2256 Ne
609 2204 772 2278 repetam,
803 2215 886 2276 quae
908 2197 973 2275 jam
994 2195 1076 2256 alies
1097 2197 1333 2290 interpretatus
1354 2216 1439 2275 sum,
1460 2198 1577 2260 omitto
1599 2200 1721 2274 omnia,
1743 2217 1826 2280 quae
1848 2207 1921 2259 ente
1943 2197 1996 2258 de-

188 2335 191 2343 ·
279 2314 504 2394 etromeecoplo
524 2312 585 2390 Vl,
597 2333 628 2391 a,
640 2316 691 2378 te.
713 2313 888 2399 leguntur,
907 2313 1000 2374 'hanc
1020 2332 1135 2375 vocem
1157 2323 1278 2393 autem,
1308 2334 1326 2376 e
1347 2315 1502 2378 deatrome
1522 2325 1556 2376 et
1575 2315 1686 2396 erepla
1706 2316 1933 2398 compositam,
1961 2316 1997 2378 in

280 2438 392 2498 dextro
414 2433 513 2495 latere
534 2451 559 2495 s.
572 2432 685 2493 dextro
704 2439 798 2510 porte
818 2433 1037 2514 interpretor:
1061 2430 1177 2513 quidni
1198 2434 1286 2494 enim
1306 2434 1343 2493 in
1364 2433 1580 2495 circulatione
1591 2434 1742 2516 scapulis,
1764 2442 1803 2494 nt
1822 2430 1996 2516 inagendo

280 2553 440 2630 manibus,
471 2548 586 2612 dextra
613 2551 786 2611 sinistrave
814 2568 890 2631 pars
918 2550 1027 2631 potuit
1055 2546 1207 2610 definiri?
1248 2549 1360 2612 Multo
1388 2549 1561 2613 difficilius
1581 2548 1830 2630 dijudicandum
1851 2550 1997 2623 videtur,

280 2683 393 2734 utrum
414 2667 603 2745 anovilst'mu,
626 2668 680 2727 cui
702 2667 848 2746 αιτιμεμ
869 2665 1037 2744 tv,a,12.
1061 2665 1247 2749 respondet,
1269 2677 1307 2729 ut
1324 2668 1528 2749 permittito,
1556 2670 1617 2752 pro'
1638 2671 1848 2752 imperativo,
1876 2689 1930 2746 an,
1958 2678 2000 2730 ut

280 2789 467 2852 cuderoomu
488 2783 551 2861 Vl,
565 2803 594 2861 a,
607 2785 669 2862 dl,
692 2803 754 2866 pro
776 2784 921 2845 ablativo
948 2781 1175 2866 accipiendum
1197 2786 1257 2846 sit:
1279 2767 1419 2849 econome
1439 2806 1520 2849 vero
1541 2789 1576 2847 in
1598 2807 1675 2848 casu
1697 2787 1795 2848 locali
1814 2805 1882 2849 esse
1903 2788 1998 2871 posi·

281 2918 363 2983 tum,
386 2902 532 2965 dubitari
554 2902 675 2982 nequit.
725 2902 826 2963 Feror
847 2902 911 2979 jam
934 2901 967 2960 in
990 2899 1130 2962 secunda
1151 2903 1316 2986 particule
1336 2905 1365 2987 §-
1389 2906 1440 2969 27.
1462 2923 1524 2988 pro
1544 2903 1634 2983 ferae
1655 2925 1679 2965 s.
1703 2901 1823 2990 φερεσι
1843 2904 1997 2983 V‚a‚2o

279 3024 440 3106 scriptum
461 3020 600 3098 conjeci,
621 3038 662 3080 ne
683 3014 808 3080 deesset
828 3018 1056 3096 subjunctivus
1077 3021 1339 3098 aconjunctione
1358 3040 1441 3099 ponc
1455 3019 1654 3105 dependens:
1677 3023 1851 3104 quaeritur
1870 3031 1997 3095 autem,

280 3138 359 3224 quid
381 3136 551 3200 ferendum
572 3138 625 3199 sit.
669 3137 825 3222 Legimus
847 3134 980 3216 quidem
1002 3157 1052 3198 ere
1072 3137 1173 3217 ferto,
1193 3148 1233 3199 ut
1252 3158 1327 3202 onec
1347 3137 1437 3218 forto
1456 3141 1492 3200 in
1513 3140 1741 3221 sequentibus3
1762 3137 1818 3201 eed
1839 3158 1891 3201 cre
1912 3138 1997 3199 mihi

281 3257 473 3321 adverbium
494 3257 652 3337 temporis
675 3251 809 3315 videtur
830 3272 849 3313 a
870 3257 1064 3336 pronomine
1091 3275 1165 3317 etur
1192 3253 1397 3337 derivatum,
1417 3267 1456 3320 ιιι
1484 3258 1624 3336 eriboot,
1656 3257 1745 3341 quod
1771 3261 1935 3340 sequitur,
1963 3267 1996 3318 et

281 3400 351 3442 erec
371 3377 536 3457 V11,b,1.
580 3374 670 3433 Hinc
691 3390 787 3435 sacra
808 3375 843 3432 in
863 3375 1015 3435 versione
1035 3374 1206 3457 supplevi,
1235 3392 1297 3455 pro
1318 3394 1507 3453 enecuere,
1528 3375 1560 3439 h.
1583 3395 1611 3439 c.
1632 3380 1739 3455 unico,
1761 3375 1943 3438 Horatium
1961 3372 1994 3438 S.

282 3497 325 3575 ll,
337 3501 368 3575 5,
382 3499 431 3560 to.
464 3501 617 3574 sequutus
646 3495 741 3570 prino
760 3485 894 3571 scripsi,
925 3512 981 3553 aso
1002 3510 1063 3574 pro
1086 3491 1187 3553 locali
1209 3511 1312 3554 osome
1331 3513 1356 3554 s.
1380 3512 1482 3556 nonme
1503 3485 1611 3581 (ἀρᾷ),
1642 3505 1676 3555 et
1697 3495 1803 3556 desire
1822 3512 1885 3577 pro
1906 3492 1995 3555 abla-

281 3618 352 3677 tivo
373 3611 555 3674 adverbiali
576 3611 747 3692 accipiens.
789 3608 929 3672 Eribont
961 3606 1112 3690 equidem
1143 3628 1208 3670 non
1235 3612 1339 3697 magis
1370 3613 1589 3696 compositum
1618 3621 1711 3696 puto,
1744 3631 1842 3694 quam
1874 3615 1994 3676 eriront

282 3732 341 3810 Vl,
354 3733 445 3811 a,48.
469 3739 501 3791 et
521 3736 673 3791 soruront
694 3724 816 3788 ibidem
838 3746 900 3811 pro
921 3747 1036 3790 sonoro
1056 3728 1111 3790 vol
1132 3739 1244 3790 curent
1266 3727 1327 3806 Vl,
1339 3748 1370 3806 a,
1381 3731 1431 3795 46.
1455 3748 1517 3813 pro
1538 3750 1648 3804 ιιιηινς
1678 3749 1798 3792 erucom
1820 3740 1935 3792 contra
1954 3748 1993 3790 ex

281 3851 426 3912 ablativo
448 3848 651 3932 pronominis
672 3865 746 3907 arur
767 3856 800 3907 et
826 3847 1071 3929 praepositione
1093 3866 1157 3909 com
1179 3865 1248 3908 esse
1269 3823 1497 3929 compositum,
1526 3848 1626 3909 iacile
1653 3844 1821 3910 concedas.
1865 3847 1914 3908 Ex
1942 3848 1993 3924 iis,

282 3987 366 4051 qnae
386 3967 536 4050 proxime
556 3974 750 4046 sequuntur,
772 3964 930 4048 pleraque
951 3961 1084 4047 quidem
1106 3965 1171 4041 jam
1197 3966 1231 4024 in
1258 3965 1431 4047 superiore
1456 3965 1622 4046 particula
1650 3966 1805 4049 exposui,
1837 3964 1997 4027 nonnulla

283 4104 363 4148 vero
383 4083 491 4146 adhuc
513 4080 710 4144 illustranda
730 4092 822 4160 eunt,
853 4092 891 4144 nt
919 4083 1104 4144 enuntiatio
1130 4084 1203 4161 neip
1233 4081 1370 4146 embolin
1387 4102 1489 4164 propa
1508 4083 1604 4147 derce
1627 4080 1847 4168 reaedificem,
1875 4084 1912 4143 in
1935 4101 1999 4165 qua

281 4206 355 4284 scip
375 4203 497 4264 Latino
518 4220 594 4278 ner,
623 4200 759 4264 embolin
780 4197 907 4264 Graeco
930 4191 1103 4288 ἀμφιβόλῳ
1124 4198 1317 4283 respondet,
1340 4197 1545 4285 combifiunbi
1564 4221 1647 4264 vero
1668 4220 1729 4285 pro
1752 4200 1937 4284 combifionc
1958 4201 1999 4277 ai,

283 4332 320 4384 ut
340 4320 453 4404 paullo
474 4329 549 4403 post
569 4319 818 4402 combifionriust
838 4337 901 4401 pro
929 4317 1111 4402 combifionc
1136 4319 1225 4397 furt,
1257 4320 1417 4402 scriptum
1448 4329 1506 4383 est.
1550 4317 1655 4399 Prepa
1687 4320 1798 4397 deero,
1831 4319 1908 4403 qnia
1940 4336 2001 4397 ope

283 4441 378 4504 dervo
401 4436 648 4520 comdificnsioet
670 4434 881 4511 dictumest,
911 4447 1069 4520 utsupra
1088 4456 1121 4498 r.
1143 4434 1192 4502 49.
1216 4456 1275 4517 ope
1302 4438 1403 4519 anglo
1423 4433 1700 4521 comdifictisioct,
1730 4448 1789 4500 aut
1817 4455 1880 4521 pro
1897 4434 2001 4517 persa

284 4559 378 4621 dervo
397 4579 430 4621 ι.
452 4560 503 4620 51.
525 4566 594 4633 aut,
617 4552 705 4637 quod
726 4555 830 4641 magis
850 4554 967 4637 probo,
989 4572 1051 4638 pro
1065 4554 1265 4616 Latinorum
1282 4564 1433 4637 praepete
1454 4557 1569 4636 dextra
1590 4559 1733 4642 positum
1754 4553 1905 4630 'videtum
1928 4571 2000 4616 ace·

284 4677 420 4739 soniam
440 4673 588 4753 bebetofe
616 4683 734 4736 contra
754 4689 817 4758 pro
838 4672 1052 4757 fumigatione
1079 4669 1184 4735 tecet
1210 4674 1279 4734 sire
1306 4674 1385 4751 lessi,
1410 4683 1484 4736 tam
1514 4672 1644 4737 diversa
1671 4694 1691 4736 a
1718 4676 1873 4758 pauperis
1896 4691 2001 4751 paroc

284 4791 371 4875 apud
391 4789 548 4854 Ovidium
568 4791 663 4852 Pont
685 4787 747 4867 IV,
758 4791 790 4867 8,
802 4792 851 4855 39.
877 4807 974 4871 quam
995 4808 1015 4850 a
1034 4784 1214 4873 pr‘occrum
1233 4793 1335 4855 tacita
1355 4810 1468 4854 acerra
1487 4789 1574 4877 apud
1595 4791 1744 4855 Persium
1765 4789 1853 4870 11‚5.

448 4908 497 4973 25.
541 4905 593 4991 Ad
615 4915 772 4970 termnoco
793 4904 952 4971 studituto
973 4905 1192 5009 supplendum
1213 4927 1283 4972 esse
1304 4929 1368 4973 com
1387 4913 1562 4991 prioootir,
1584 4911 1771 4976 eversnlib.
1785 4909 1998 4994 intelligitur,
