4244 5722
894 592 1243 665 ..pp-⁸

515 773 551 848 2.
603 762 853 873 Pompeianos
877 762 1143 864 inscriptiones
1166 755 1311 837 corios
1352 759 1444 836 Tab.
1469 758 1524 839 11.

312 909 356 979 Α.
382 910 410 974 Ε
430 906 640 993 Pompejanis
661 899 948 984 inscriptionibus,
970 907 1009 962 ut
1028 918 1048 961 a
1068 895 1283 960 brevioribus
1303 895 1423 958 similis
1444 894 1635 981 argumenti
1655 889 1700 956 ad
1720 891 1892 980 longiores

147 1028 359 1119 progrediar,
377 1029 523 1114 primum
535 1021 616 1087 duas
628 1019 1012 1097 illasillustrareliceat,
1033 1035 1114 1098 quas
1126 1013 1275 1077 Orcllius
1287 1015 1325 1075 in
1345 1033 1405 1076 sua
1425 1014 1683 1097 inscriptionum
1693 1012 1894 1076 Latinarum

147 1150 351 1214 selectarum
376 1143 579 1232 amplissima
605 1140 806 1206 collectione
826 1137 908 1202 Vol.
921 1136 964 1201 11.
976 1157 1009 1197 n.
1022 1136 1116 1202 3804.
1137 1135 1248 1199 minus
1271 1141 1361 1196 recte
1390 1131 1522 1194 Latinis
1542 1131 1653 1195 literis
1681 1130 1895 1216 transcripsit

147 1277 248 1350 atque
268 1266 459 1352 explicavit.
501 1257 647 1325 Eaedem
667 1261 704 1322 in
725 1267 842 1322 nostra
861 1255 976 1319 tabule
994 1252 1039 1320 ΙΙ.
1074 1254 1168 1317 Oscis
1189 1251 1299 1316 literis
1321 1259 1475 1313 exaratae
1496 1259 1585 1329 sunt,
1608 1249 1717 1314 altere
1738 1269 1756 1312 e
1777 1250 1894 1312 Rosini

147 1383 390 1450 dissertationis
418 1381 607 1466 isagogicas
628 1376 671 1441 ad
691 1375 996 1440 Herculanensium
1016 1372 1229 1438 voluminum
1250 1370 1519 1455 explanationem
1539 1379 1635 1455 parte
1656 1368 1684 1430 Ι.
1707 1367 1774 1435 tab.
1786 1365 1894 1449 XIX„

147 1503 256 1568 altera
276 1522 295 1564 e
313 1498 524 1582 Pompeianis
544 1496 589 1583 by
609 1494 669 1562 Sir
694 1468 839 1562 Witttom
862 1492 939 1559 Geli
959 1492 1026 1556 ond
1044 1489 1135 1558 Jotn
1155 1490 1195 1557 P.
1218 1488 1351 1579 Goody,
1380 1486 1561 1556 Architect.
1598 1485 1720 1565 (Laud.
1744 1489 1826 1555 1817
1852 1520 1896 1534 -

149 1617 258 1695 1819.)
277 1635 353 1701 pag.
366 1618 439 1684 138.
480 1614 630 1698 Utraque
652 1634 753 1699 quam
773 1610 974 1677 nitidissime
996 1621 1134 1674 exarata
1154 1620 1225 1675 est:
1247 1609 1357 1673 nihilo
1377 1608 1486 1672 secius
1508 1609 1544 1670 in
1559 1608 1685 1690 prieris
1705 1608 1806 1670 initio
1828 1623 1896 1668 nen

150 1737 256 1801 solum
265 1743 389 1819 puncto
405 1743 499 1799 caret
507 1734 746 1800 abbreviatum
758 1752 973 1818 praenomen,
993 1728 1051 1793 sed
1071 1728 1123 1793 Nl
1144 1749 1276 1814 quoque
1297 1748 1360 1815 pro
1381 1728 1531 1811 simplici
1551 1725 1586 1790 N
1606 1724 1640 1789 h.
1653 1743 1681 1790 e.
1699 1723 1897 1803 N(umerio)

150 1853 203 1917 rel
223 1871 287 1935 pro
307 1851 458 1930 M(arce)
477 1855 642 1938 scriptum
662 1850 808 1917 videtur.
851 1848 951 1934 Apud
961 1850 1126 1913 Romanos
1141 1846 1278 1932 quidem
1298 1844 1482 1911 secundum
1503 1848 1729 1933 fragmentum
1749 1842 1834 1905 libri
1855 1840 1897 1906 de

149 1971 340 2034 nominibus
368 1968 411 2035 ad
438 1971 566 2035 calcem
586 1970 724 2035 Valerii
747 1969 893 2033 Maximi
919 1970 1067 2034 iinmerii
1092 1968 1310 2053 praenomine
1337 1966 1410 2029 sola
1435 1966 1580 2049 patricia
1606 1962 1736 2026 familia
1760 1982 1820 2025 usa
1849 1969 1900 2025 est

147 2087 247 2150 Fabia
274 2090 414 2169 iccirco,
442 2087 532 2173 quod
559 2090 719 2154 trecentis
748 2109 806 2152 sex
832 2085 922 2172 apud
951 2085 1146 2150 Cremeram
1172 2086 1299 2149 flumen
1327 2085 1440 2157 caesis,
1470 2085 1530 2165 qui
1550 2102 1637 2145 unus
1659 2102 1700 2145 ex
1726 2100 1765 2145 ea
1792 2082 1899 2164 stirpe

146 2207 335 2287 exstiterat,
363 2204 465 2270 ducta
489 2209 525 2267 in
552 2209 811 2270 matrimonium
835 2224 943 2269 uxore
963 2206 1027 2265 lilii
1046 2203 1206 2263 Numerii
1227 2202 1366 2263 Otacilii
1387 2199 1620 2265 Maleventani
1640 2202 1702 2264 sub
1725 2218 1765 2262 eo
1787 2209 1900 2282 pacto,

146 2333 198 2401 nt,
229 2341 330 2403 quem
350 2324 501 2402 primum
520 2316 630 2379 lilium
650 2315 847 2390 sustulisset,
878 2314 911 2378 ei
932 2312 1079 2375 materni
1104 2313 1161 2374 avi
1181 2330 1384 2394 praenomen
1405 2315 1607 2398 imponeret,
1640 2318 1899 2399 obtemperavit.

147 2435 215 2502 Sed
236 2453 278 2495 ex
299 2436 376 2508 boo,
406 2428 497 2511 quod
516 2431 631 2491 Festus
652 2446 786 2509 quoque
806 2428 953 2508 scripsit,
983 2429 1178 2510 agnoscitur
1199 2428 1366 2491 Oscorum
1387 2445 1471 2507 mos,
1502 2427 1591 2488 unde
1612 2428 1680 2490 duo
1701 2432 1901 2516 plerumque

147 2548 285 2613 nemina
312 2548 350 2609 in
375 2546 428 2609 tae
456 2540 645 2607 desinentia
672 2541 851 2630 gerebant,
885 2550 1036 2605 ceterum
1057 2561 1076 2604 e
1097 2541 1264 2606 Varronis
1285 2542 1399 2607 verbis
1419 2545 1457 2605 in
1479 2539 1605 2607 Catone
1627 2546 1699 2610 sive
1719 2544 1761 2610 de
1783 2548 1903 2613 liberis

150 2658 329 2730 educandis
349 2658 439 2746 apud
457 2658 548 2728 Non.
568 2660 618 2729 M.
642 2660 704 2741 IV,
715 2661 789 2728 319.
811 2681 886 2748 pag.
897 2663 971 2728 352.
994 2659 1046 2725 ed.
1059 2659 1168 2726 Merc.
1199 2660 1275 2739 siit,
1297 2663 1357 2745 qni
1379 2670 1499 2724 contra
1519 2662 1679 2726 celeriter
1700 2676 1796 2730 erant
1817 2670 1900 2750 uati,

152 2785 243 2852 »iere
254 2783 424 2849 Numerios
435 2778 747 2864 praenominabant,
768 2776 869 2862 quod,
892 2779 952 2862 qui
974 2781 1041 2842 cito
1063 2781 1232 2842 facturum
1255 2775 1335 2862 quid
1349 2798 1384 2841 se
1401 2775 1735 2863 ostenderevelebat,
1757 2781 1901 2866 dicebat,

152 2918 313 2966 »numero
334 2896 371 2961 id
391 2901 478 2979 iore,
500 2895 590 2981 quod
612 2898 714 2960 etiam
735 2897 772 2958 in
792 2905 894 2980 partu
914 2895 1138 2980 precabantur
1148 2893 1344 2979 Numeriam,
1367 2893 1576 2981 quamdeam
1590 2898 1698 2964 solent
1719 2899 1902 2991 indigitare

152 3014 275 3083 »etiam
295 3016 491 3082 Pontifices«
514 3013 685 3095 discimus,
705 3012 865 3078 Numenii
885 3034 1088 3098 praenomen
1109 3016 1240 3097 pariter
1261 3025 1362 3096 atque
1382 3013 1497 3077 Marci
1518 3016 1555 3078 in
1568 3036 1632 3080 usu
1650 3018 1785 3105 vulgari
1798 3023 1902 3086 fuisse

153 3133 242 3221 apud
261 3132 367 3200 Italos
388 3134 491 3201 Oscae
514 3135 668 3220 originis.
692 3130 743 3196 Cf.
765 3130 886 3196 Cicero
907 3151 971 3213 pro
993 3129 1150 3194 Cluentio
1172 3130 1315 3208 v11,21.

319 3248 608 3333 Quemadmodum
628 3251 666 3312 in
687 3249 794 3313 altera
815 3249 1036 3333 inscriptione
1057 3269 1099 3312 ex
1120 3251 1284 3313 Oscorum
1304 3266 1400 3312 more
1420 3249 1611 3316 nominibus
1635 3253 1748 3333 netis)
1770 3255 1904 3343 Popidii

152 3373 260 3458 patris
279 3384 483 3454 praenomen
509 3368 593 3436 Velii
613 3365 762 3448 additur,
784 3369 833 3430 sic
853 3376 930 3451 post
949 3368 992 3432 N.
1016 3366 1131 3435 Trebii
1149 3369 1285 3431 nomina
1305 3368 1411 3451 patris
1432 3387 1554 3433 nemen
1576 3370 1610 3436 T
1606 3370 1730 3455 r(ebe'i),
1751 3397 1772 3438 a
1796 3377 1903 3444 Treba

153 3488 257 3558 Jonto
283 3486 491 3552 Umbrorum
518 3488 590 3550 sive
613 3485 726 3552 Trivio
747 3486 974 3548 Romanorum
1003 3482 1189 3566 derivandi,
1219 3488 1408 3570 repetitur:
1436 3497 1486 3551 est
1515 3499 1626 3553 autem
1654 3493 1901 3578 abbreviatum,

154 3611 243 3673 sicut
262 3606 445 3691 appellatio
464 3603 641 3684 Meamne)
672 3601 833 3684 tuo(tilss),
866 3604 1022 3688 qnoniam
1047 3604 1138 3668 filius
1164 3604 1232 3684 jam
1256 3602 1289 3667 T
1285 3604 1384 3671 radiis
1409 3605 1558 3690 scriptus
1584 3610 1760 3678 antecedit
1804 3616 1902 3680 Alter

155 3726 271 3793 versus'
290 3744 397 3789 unum
416 3723 558 3789 verbnm
578 3721 790 3804 onmcnoffed
809 3724 958 3787 continet
985 3742 1004 3787 c
1029 3724 1279 3808 praepositione
1300 3743 1353 3803 no,
1384 3742 1451 3807 qua
1471 3723 1592 3789 Umbri
1612 3747 1744 3813 quoque
1766 3733 1804 3793 in
1823 3734 1902 3822 Igu·

155 3847 245 3909 vinis
271 3843 394 3908 tabulis
415 3861 478 3926 pro
500 3841 563 3906 olto
584 3843 655 3906 sive
675 3833 784 3928 cippi
804 3840 997 3922 utebantur,
1020 3851 1054 3905 et
1073 3843 1259 3927 praeterito
1279 3840 1450 3924 monoffed
1470 3839 1634 3923 (moeninit
1655 3850 1728 3914 sive
1748 3854 1900 3935 munivit)

155 3964 394 4047 compositum
416 3958 498 4044 quid
519 3970 630 4025 autem
644 3960 748 4025 verbo
769 3961 1021 4026 circummnoioit
1042 3958 1244 4048 designetur,
1267 3958 1670 4046 docetlleiuesiusl,125.
1693 3967 1736 4031 sd
1757 3971 1901 4059 iuscrip-

155 4081 283 4145 tionem
310 4078 520 4144 Bovillanum
548 4077 638 4164 apud
660 4079 765 4143 Orcll.
789 4083 942 4159 n.1515.,
969 4081 1010 4141 in·
1027 4100 1093 4163 qua
1112 4080 1260 4167 legitur:
1281 4077 1482 4160 Aedicnlom,
1504 4103 1604 4165 oram,
1625 4096 1748 4169 septum
1768 4090 1898 4172 clinem,

154 4208 316 4264 vetustate
336 4198 449 4262 diruto
471 4199 627 4265 restitnit.
677 4195 731 4262 Ne
757 4207 918 4283 repetam,
941 4217 1027 4280 quae
1048 4198 1221 4261 Reiucsius
1249 4197 1299 4260 ibi
1325 4201 1406 4262 satis
1427 4200 1559 4283 prolixe
1581 4200 1751 4288 disseruit,
1779 4207 1900 4274 addam

153 4318 274 4391 solum,
295 4335 380 4399 quae
400 4313 514 4380 Varro
535 4317 578 4384 L.
590 4317 631 4382 L.
643 4315 724 4398 Vll,
736 4319 787 4384 13.
810 4326 896 4383 extr.
920 4317 1077 4401 scripsit=
1112 4316 1302 4398 »Extemplo
1326 4326 1377 4382 est
1396 4321 1562 4402 contione,
1584 4321 1675 4409 quod
1696 4342 1794 4390 omne
1815 4339 1900 4392 tem·

153 4435 250 4519 plum
276 4452 345 4499 esse
371 4431 472 4497 debet
498 4436 658 4499 contiuuo
686 4444 827 4521 septum,
856 4454 918 4498 nec
944 4435 1019 4519 plus
1047 4455 1152 4499 unum
1179 4438 1358 4501 introitum
1382 4436 1538 4506 haberes
1582 4440 1682 4524 Quod
1702 4464 1722 4507 a
1743 4445 1900 4513 Varrone

155 4553 309 4618 continuo
329 4562 462 4635 septum,
484 4549 520 4613 id
540 4573 561 4615 a
580 4553 681 4618 Paulo
701 4553 855 4618 Diacono
876 4557 1065 4636 consiptrcor,
1087 4555 1192 4621 clavis
1213 4556 1410 4640 praefixum,
1430 4556 1612 4624 secundum
1632 4563 1779 4629 Ennium
1799 4585 1898 4632 voca·

156 4680 232 4749 tur;
254 4680 305 4736 est
324 4672 433 4760 igitur
452 4663 637 4760 περίβολος
657 4675 729 4738 sive
749 4666 982 4765 rscpippnypn,
1003 4682 1076 4738 tota
1095 4693 1179 4739 vero
1199 4675 1377 4758 inscriptio
1398 4677 1448 4742 sic
1468 4677 1647 4744 vertendas

319 4788 365 4853 tt.
389 4787 518 4853 Trebiis
551 4788 608 4855 Tr.
837 4792 927 4859 Med.
1034 4805 1099 4858 teo.
1143 4791 1363 4874 comonoffed.

321 4885 365 4951 N.
388 4887 534 4954 Trebius
554 4888 689 4970 Tr(ebii
708 4892 813 4972 filius)
830 4891 975 4959 Meddix
995 4894 1120 4959 tuticus
1140 4905 1235 4980 septo
1257 4894 1430 4959 conclusit.

1401 5064 1422 5127 4
