4244 5722
1015 600 1054 612 ..
1127 571 1148 635 g
1199 578 1259 616 ·..

287 737 386 824 »quid
405 736 445 798 ab
465 730 768 818 hoc-portenditur,
788 732 890 795 fixum
911 743 970 812 est,
991 751 1052 794 nec
1071 731 1210 795 alterius
1230 735 1350 795 ostenti
1369 733 1604 819 signifieatione
1624 735 1803 797 minuitur:
1823 728 1998 816 quioquid

288 868 392 936 sexta,
413 848 570 937 quicquid
590 871 665 913 aves
685 850 910 926 minabuntur,
930 848 1073 913 secundo
1094 850 1232 912 fulmine
1252 850 1457 930 abolebitur3
1488 849 1646 935 quicquid
1664 851 1802 912 fulmina
1823 847 1998 912 denuntia·

287 985 376 1041 »tum
395 982 550 1048 est‚.nec
571 970 669 1045 extis,
697 986 757 1028 nec
777 986 839 1029 ave
858 970 1025 1030 contraria
1051 968 1249 1032 refellitur«
1293 968 1430 1047 Umbri,
1456 989 1560 1052 neque
1590 953 1728 1032 fulmina
1755 968 1856 1046 coeli,
1886 984 1996 1050 neque

284 1104 360 1158 exta
380 1089 572 1154 animalium
592 1084 687 1149 valde
709 1095 876 1160 curantes,
905 1083 962 1146 sed
984 1087 1096 1148 svium
1117 1088 1264 1172 auguriis
1284 1088 1462 1170 plurimum
1484 1088 1681 1165 tribuentes,
1710 1106 1776 1148 non
1797 1083 1931 1168 quidem
1949 1081 1994 1144 de

285 1211 396 1295 aquila
421 1202 669 1293 praedicabant,
702 1201 789 1284 quod
817 1203 918 1264 Tusci
942 1201 984 1267 de
1014 1203 1168 1281 fulmine3
1200 1203 1346 1286 aquilam
1367 1214 1474 1266 tamen
1496 1226 1593 1287 quam
1615 1201 1995 1266 maximeobservabant

285 1348 420 1412 eamque
441 1325 567 1407 anglum
587 1325 657 1384 sive
679 1320 814 1397 unclum,
842 1321 874 1381 h.
898 1341 925 1382 e.
948 1321 1041 1383 lovis
1070 1325 1253 1384 ministram
1280 1342 1321 1384 ex
1340 1321 1540 1386 Sabinorum
1568 1325 1699 1412 lingua,
1719 1324 1899 1396 vocabant:
1931 1339 1994 1383 nec

284 1452 353 1511 scio
373 1467 414 1508 an
434 1443 587 1519 Romani,
619 1441 675 1521 qui
697 1449 882 1522 augeretum
910 1457 1039 1521 quoque
1058 1438 1237 1502 secuudum
1263 1440 1465 1504 Priscianum
1494 1462 1566 1528 pag.
1587 1443 1658 1508 554.
1690 1439 1740 1505 ed
1768 1440 1902 1504 Putsch.
1931 1457 1993 1524 pro

284 1567 445 1631 asteriolo
465 1583 489 1625 s.
502 1560 639 1623 eserieie
661 1556 822 1634 dicebant,
845 1557 982 1636 Horatii
994 1556 1028 1620 Ο.
1041 1556 1103 1635 IV,
1115 1560 1146 1635 4,
1160 1561 1187 1621 l.
1200 1559 1386 1621 ministrum
1407 1543 1552 1622 fulminis
1572 1560 1691 1622 alitem,
1706 1558 1746 1620 ab
1768 1551 1861 1621 uncle
1881 1557 1993 1643 potius

283 1703 392 1769 quam,
413 1691 453 1743 ut
471 1680 581 1740 Festus
602 1676 747 1760 potabat,
768 1675 808 1736 ab
830 1674 938 1757 aquilo
959 1674 1072 1736 colore
1092 1674 1227 1756 equilum
1247 1679 1458 1739 nominarint.
1833 1683 1835 1687 ’
1946 1678 1949 1682 ’

445 1802 476 1864 3.
519 1792 799 1876 Quemadmodum
826 1790 1095 1876 apud.Romauos
1121 1803 1282 1876 augurato
1308 1814 1361 1856 res
1388 1793 1575 1872 dicebatur,
1607 1792 1650 1856 de
1675 1815 1740 1878 que
1765 1798 1832 1857 rite
1859 1803 1992 1878 captum

284 1929 356 1983 erat
375 1916 559 2003 augurium,
582 1916 630 1974 sic
650 1909 737 1994 apud
746 1911 888 1973 Umbros
909 1908 1105 1988 scariotem)
1119 1922 1167 1976 est
1188 1932 1250 1995 pro
1271 1915 1437 1994 segarium
1458 1922 1582 1992 ruptum
1602 1915 1819 1997 estscriptum
1838 1909 1991 1989 videtum

283 2037 428 2100 ablativo
452 2042 569 2096 tremus
588 2048 669 2093 vero
690 2030 948 2114 sparistarum,
977 2031 1063 2090 sicut
1083 2029 1228 2091 ablativo
1251 2040 1370 2092 termus
1389 2033 1425 2090 in
1447 2027 1658 2092 Cortoneusis
1678 2050 1754 2092 arae
1775 2031 1992 2117 inscriptione

282 2155 411 2238 (partic.
434 2149 494 2227 III,
515 2150 544 2230 ξ.
566 2150 619 2216 24)
639 2132 819 2228 θερόμενόν
838 2166 882 2222 τι,
905 2142 1071 2229 designari
1092 2146 1210 2226 potuit,
1233 2145 1264 2209 lt
1287 2165 1315 2208 e.
1338 2148 1497 2224 termissus,
1524 2148 1592 2229 qui,
1619 2149 1705 2208 sicut
1724 2142 1829 2234 τέρμα
1849 2145 1992 2210 Graeco-

280 2291 357 2333 rum
377 2265 463 2352 apud
482 2264 683 2340 Dammium,
712 2281 731 2323 a
751 2261 854 2323 verbo
874 2261 1002 2346 τρέπειν
1022 2280 1083 2343 per
1103 2261 1298 2324 metathesin
1323 2261 1521 2326 derivandos
1542 2273 1601 2326 est
1644 2265 1796 2327 Termini
1816 2268 1904 2327 enim
1925 2283 1991 2326 non

281 2397 368 2464 sunt,
389 2394 428 2447 ut
446 2382 559 2444 Varro
579 2380 620 2444 L.
642 2379 682 2439 L.
705 2377 752 2456 V,
769 2381 799 2442 4.
820 2380 963 2461 scripsit,
992 2381 1048 2461 qui
1067 2389 1204 2463 propter
1231 2380 1378 2442 limitare
1399 2383 1465 2443 iter
1485 2383 1625 2444 maxime
1647 2390 1802 2460 inerter,
1833 2381 1892 2444 sed
1909 2384 1992 2448 fines

281 2522 455 2592 agrorum,
489 2518 569 2582 quos
598 2499 697 2560 etiam
724 2504 884 2557 nostrates
911 2495 1052 2560 Weudeu
1080 2494 1204 2559 dicunt.
1249 2497 1374 2579 Quodsi
1400 2519 1452 2562 eso
1472 2520 1536 2583 pro
1557 2520 1653 2564 esome
1678 2503 1823 2584 positum
1843 2510 1992 2585 putatur,

258 2628 259 2631 ’
281 2643 333 2685 eso
356 2629 474 2684 iremus
495 2613 689 2679 vertendum
711 2623 759 2675 est
778 2616 812 2676 irs
833 2612 894 2675 lloc
916 2616 1060 2691 termium
1082 2617 1301 2699 postpositum
1319 2635 1402 2679 vero
1423 2615 1621 2698 adjectivum
1640 2638 1738 2697 serae,
1755 2620 1835 2700 quia
1854 2638 1923 2680 non
1938 2636 1993 2682 eso

281 2759 366 2803 serse
389 2747 522 2812 tremnu,
544 2735 631 2793 sicut
652 2750 706 2794 esu
726 2751 818 2795 sorau
835 2731 1013 2813 persoudrrs
1035 2731 1097 2808 VI,
1109 2752 1140 2810 a,
1152 2735 1202 2798 28.
1215 2736 1265 2798 31.
1277 2734 1342 2812 et,
1364 2733 1505 2820 legitur,
1533 2733 1575 2797 ad
1594 2755 1731 2818 sequens
1748 2735 1995 2799 substantivum

281 2856 456 2936 orsserture
477 2847 685 2914 referendum
705 2848 788 2910 mihi
814 2847 963 2928 videtur,
996 2846 1101 2930 qnod,
1134 2869 1237 2931 quum
1263 2849 1304 2911 ab
1330 2851 1528 2945 imperativo
1558 2851 1680 2915 elsueltu
1699 2852 1731 2914 h.
1754 2872 1783 2917 e.
1803 2852 1942 2916 evolvite
1966 2874 1993 2915 s.

159 2980 163 2986 ’
279 2972 420 3053 ἐξέλισσε
451 2967 647 3054 dependeat,
679 2985 741 3050 pro
768 2968 953 3028 accusativo
982 2966 1188 3047 ersferturem
1209 2967 1244 3026 in
1271 2969 1430 3029 feminino
1458 2965 1578 3052 genere
1604 2972 1731 3052 primae
1759 2968 1995 3032 declinationis

279 3087 506 3176 accipiendum
528 3097 585 3148 est.
615 3083 743 3148 Seruum
762 3082 905 3146 Umbros
926 3102 987 3167 pro
1007 3083 1099 3163 felici
1119 3080 1252 3160 dixisse,
1271 3088 1341 3166 jam
1361 3086 1397 3146 in
1417 3087 1643 3169 superioribus
1664 3086 1761 3164 hujus
1782 3090 1894 3170 operis
1915 3107 1995 3171 pas*-

279 3206 390 3274 ticnlis
411 3208 575 3292 professus
596 3224 682 3264 sum:
711 3199 983 3283 quemadmodum
1004 3204 1091 3263 enim
1111 3221 1205 3265 corsa
1224 3221 1286 3285 pro
1307 3204 1395 3266 socio
1415 3199 1483 3264 dici
1503 3204 1637 3280 solebat,
1658 3207 1706 3265 sic
1726 3223 1833 3267 aereae
1855 3208 1994 3288 ¹respou-
2087 3228 2090 3233 ’

280 3327 336 3390 det
355 3328 477 3388 Latino
497 3320 651 3402 adjectivi
672 3319 801 3382 secundi
823 3329 941 3400 etymo.
984 3318 1086 3384 sees
1114 3317 1246 3402 quidem
1271 3329 1306 3382 et
1330 3322 1457 3402 sequior
1483 3319 1570 3404 apud
1596 3323 1796 3383 recentiores
1827 3321 1995 3384 Romanos

280 3449 317 3508 in
336 3444 456 3504 malam
477 3448 604 3524 partem
624 3445 836 3521 usurpantur,
857 3434 913 3497 sed
927 3446 1097 3517 sequester,
1120 3437 1332 3511 utsecundus,
1354 3440 1388 3499 in
1408 3436 1528 3499 bonam
1549 3449 1677 3520 partem
1695 3438 1992 3524 sempersumitur',

280 3561 370 3624 Hinc
390 3558 492 3622 verba
515 3559 589 3636 poci
610 3555 710 3636 engle
731 3556 871 3617 eserieie
892 3563 972 3631 sest,
1000 3573 1052 3616 eso
1075 3563 1193 3617 tremus
1213 3574 1299 3638 serre
1319 3555 1497 3635 eraserlure
1523 3555 1646 3619 eltoellu
1665 3559 1890 3641 interpretor:
1926 3557 1993 3624 Uti

280 3674 326 3743 ob
343 3677 460 3760 equilis
481 3677 648 3756 augustum
670 3673 775 3735 dutum
796 3681 862 3749 est,
889 3674 923 3735 iu
944 3670 1004 3733 loc
1024 3692 1124 3735 rerum
1146 3675 1276 3736 termino
1300 3675 1367 3736 sive
1385 3648 1535 3737 momento
1555 3674 1719 3737 secundam
1748 3679 1991 3757 conjuncturam

278 3798 312 3876 (e
331 3794 498 3857 minorum
526 3794 638 3854 avium
665 3787 869 3866 addictione)
891 3789 1037 3853 evolvite.
1081 3790 1120 3851 In
1150 3791 1358 3872 sequentibus
1389 3793 1476 3853 enim
1506 3793 1655 3854 versibus
1685 3812 1750 3855 uon
1778 3795 1887 3857 solum
1912 3794 1991 3878 post

279 3913 381 3978 verba
401 3908 499 3991 sliplo
519 3910 659 3972 uterinis
679 3907 712 3968 h.
736 3928 764 3970 e.
787 3907 908 3986 stipula
929 3907 1092 3989 augurali,
1119 3907 1237 3989 quibus
1258 3908 1380 3983 lituum
1400 3908 1565 3997 designari
1583 3918 1676 3995 puto,
1698 3929 1771 3974 oues
1791 3930 1990 3974 enumeran-

278 4043 432 4095 turcum
453 4027 586 4109 equilis,
613 4023 671 4087 sed
692 4022 825 4087 additur
845 4027 961 4103 etiam,
992 4023 1111 4087 iisdem
1131 4026 1246 4088 avibus
1275 4037 1308 4090 et
1332 4027 1462 4110 aquilis
1479 4027 1733 4091 confirmandam
1761 4011 1828 4091 esse
1853 4030 1989 4092 felicem

279 4149 536 4226 conjuncturam.
631 4183 634 4193 ·
1815 4146 1818 4152 ’

441 4265 471 4326 4.
515 4260 626 4325 Esonu
647 4258 834 4340 erfertsrle)
856 4269 890 4322 et
910 4279 1005 4322 esonu
1024 4258 1154 4325 meles.
1178 4260 1254 4342 tefr,
1276 4259 1362 4345 quod
1383 4261 1444 4341 VI,
1463 4263 1495 4339 b,
1516 4264 1565 4328 18.
1587 4264 1721 4351 legitur,
1751 4263 1867 4333 eodem
1888 4263 1990 4328 modo

190 4455 193 4463 .
278 4378 524 4466 interpretanda
543 4377 627 4441 mihi
647 4375 814 4457 videntur,
836 4396 901 4459 qno
923 4376 1125 4439 Graecorum
1145 4371 1254 4455 αἴσιος
1268 4369 1362 4466 ὄρνις
1382 4389 1416 4441 et
1436 4374 1526 4442 cloia
1543 4374 1620 4463 τύχη
1641 4380 1674 4440 b.
1695 4400 1725 4445 e.
1745 4379 1881 4445 secundi
1899 4385 1991 4444 omi-

278 4494 533 4582 ttis-auspicium
553 4506 588 4558 et
607 4503 754 4559 eventus.
798 4493 882 4556 Sunt
901 4504 1011 4556 autem
1032 4497 1164 4557 nomina
1184 4498 1220 4558 in
1241 4517 1318 4558 casu
1337 4496 1438 4557 locali
1458 4499 1636 4580 posita‚·ut
1653 4495 1769 4576 se(r)so
1790 4498 1997 4572 adverbium-

238 4651 246 4672 .
279 4612 383 4696 V1,'-a,
393 4619 444 4681 51.
460 4634 535 4696 pro
563 4634 642 4700 sapis
669 4610 732 4688 IV,
745 4630 776 4689 a,
789 4613 839 4675 13.
861 4612 1038 4693 scriptum,
1070 4610 1159 4694 quod
1185 4615 1220 4674 iu
1248 4611 1390 4677 secunda
1418 4612 1548 4696 quidem
1576 4617 1736 4699 particula
1760 4617 1791 4699 ξ.
1813 4619 1864 4683 at.
1894 4626 1996 4683 recte·

279 4728 417 4814 feliciter
434 4727 671 4815 ¹interpretetus
692 4746 760 4789 esse
780 4726 866 4788 mihi
885 4726 1019 4806 videor,
1048 4726 1105 4791 sed
1132 4732 1239 4792 minus
1258 4731 1424 4813 probabili
1443 4733 1555 4794 forsan
1576 4735 1862 4823 conjecturarum
1882 4734 1993 4798 verbo·

280 4859 382 4916 sesost
397 4850 434 4913 b.
456 4867 491 4929 e.¹
508 4847 619 4924 (bene)
641 4847 773 4909 terserit
801 4846 1001 4929 comparavi.
1043 4843 1233 4927 Amliplulu
1259 4859 1309 4913 est
1335 4849 1551 4943 imperativus
1577 4853 1809 4935 compositus,
1827 4871 1901 4937 pro.
1918 4870 1996 4937 qno¹
