4244 5722
1028 613 1232 675 ..12-

355 770 401 849 ll,
422 775 463 839 32
483 793 529 854 sq.
572 769 684 861 εριόεκ
725 775 814 838 ceFo
855 769 963 861 τεφρα
1004 773 1192 863 nanneno&
1234 770 1436 858 πρεσεκατε.

318 864 321 873 ¹
570 889 688 952 deinde
739 889 805 954 duo
848 902 965 977 tepora
984 893 1023 968 (s.
1047 889 1155 954 calida
1174 892 1263 970 exta)
1285 911 1360 953 cum
1380 887 1541 952 libatione
1562 883 1718 972 (σπονδῇ)
1739 880 1924 970 prosecato.
1976 950 1979 955 ,

355 1004 398 1085 ΙΙ,
419 1010 460 1072 34
481 1027 528 1090 sq.
572 1030 686 1090 ινεμεκ
718 1007 846 1096 rodono
876 1027 999 1074 onom
1027 1010 1120 1074 ceFo
1150 1006 1258 1096 τεφρα
1299 1005 1501 1095 aduocantes.

570 1124 690 1189 deinde
731 1127 836 1190 altera
856 1127 1017 1190 libatione
1038 1126 1104 1189 duo
1134 1136 1249 1211 tepora
1270 1125 1373 1203 (exta)
1395 1134 1577 1211 prosecato.

370 1241 398 1319 Ι,
440 1242 471 1306 2.
577 1255 690 1324 trenes
719 1240 879 1332 τερτιαμα
910 1264 1032 1309 onom
1061 1266 1153 1333 τριια
1182 1240 1291 1332 raudo
1323 1241 1524 1332 πρεσεκατθ.

570 1358 687 1423 deinde
749 1363 850 1424 tertia
888 1362 1048 1425 libatione
1079 1365 1146 1426 tria
1177 1373 1292 1446 tepora
1312 1361 1415 1439 (exta)
1436 1368 1607 1445 prosecuto
1621 1356 1663 1435 *).

273 1473 310 1534 In
332 1474 384 1535 his
404 1487 515 1537 autem
536 1479 672 1557 tabulis,
693 1481 788 1542 utin
809 1481 934 1561 quinta,
957 1501 1064 1542 sermo
1087 1491 1136 1543 est
1156 1478 1196 1542 de
1216 1479 1388 1541 sacrificiis
1409 1478 1457 1554 (F
1459 1473 1579 1557 ερτεῤ
1600 1475 1645 1554 ΙΙ,
1661 1479 1690 1539 Ι.
1714 1473 1758 1551 V,
1774 1494 1804 1551 a,
1826 1476 1877 1539 ld.
1901 1475 1996 1555 quasi

269 1589 527 1680 χαριστηρίοις),
560 1615 662 1678 eaque
689 1597 772 1658 liunt
791 1597 983 1678 Harpasa
1002 1596 1200 1688 Πθπρικε
1222 1597 1265 1676 ΙΙ,
1287 1586 1329 1663 tt
1351 1606 1412 1660 cet.
1436 1605 1469 1657 et
1490 1595 1523 1657 F
1527 1612 1648 1658 enare
1668 1592 1886 1673 Hennaeae
1906 1590 1997 1653 Ha·

269 1705 413 1796 πριζες
434 1710 461 1789 Ι,
483 1715 503 1776 3
522 1694 607 1791 cet,
630 1734 770 1796 quarum
793 1716 887 1776 illam
907 1714 1137 1795 Pomonam,
1165 1734 1342 1800 pomorum
1361 1724 1535 1798 patronam
1561 1709 1741 1774 secundum
1761 1709 1863 1771 Varr.
1886 1709 1929 1774 1..
1952 1708 1994 1774 1..

269 1826 331 1906 VI,
363 1831 383 1892 3
414 1848 433 1889 a
465 1828 549 1894 med.
585 1831 680 1895 Ovid
714 1831 797 1896 Met
823 1803 921 1912 XIV,
954 1835 1043 1913 623„
1075 1833 1160 1894 hanc
1191 1832 1356 1895 Pomonae
1387 1833 1542 1894 comitem
1573 1830 1744 1891 Feroniam
1777 1830 1992 1911 interpretor.

269 1943 449 2028 Utriusque
470 1946 550 2009 deae
571 1953 706 2011 nomina
727 1952 762 2010 in
783 1952 1055 2036 inscriptionibus
1076 1950 1261 2012 minoribus
1282 1951 1451 2038 leguntur,
1484 1967 1668 2031 quanquam
1688 1947 1758 2008 sine
1779 1940 1993 2033 Πεπξιιζες

269 2065 475 2149 cognomine,
499 2064 587 2148 quod
602 2064 767 2148 quidemn
789 2066 978 2156 φαμερια
998 2065 1231 2154 Πεμπερια
1252 2064 1470 2128 derivandum
1481 2063 1626 2143 videtur,
1650 2083 1744 2145 quae,
1767 2064 1796 2122 si
1810 2081 1831 2123 a
1850 2080 1991 2142 πεμπε

267 2180 328 2258 ΙΙΙ,
351 2201 379 2258 a,
402 2186 422 2247 3
444 2193 476 2244 et
498 2187 546 2246 10.
578 2203 697 2246 nomen
729 2187 873 2268 accepit,
906 2205 959 2246 eas
990 2194 1102 2272 gentes
1135 2183 1433 2267 complectebatur,
1466 2202 1549 2265 quae
1577 2184 1613 2242 in
1638 2181 1768 2264 pompis
1788 2178 1991 2242 sollennibus

267 2300 484 2382 principalem
506 2300 616 2361 locum
638 2302 800 2364 tenebant.

429 2421 478 2480 ΙΙ.
524 2417 778 2503 Inscriptionem
812 2418 899 2504 apud
919 2420 1128 2482 Amiternum
1160 2422 1195 2481 in
1217 2418 1348 2482 Sabinis
1376 2417 1537 2482 detectam
1570 2418 1617 2477 sic
1645 2412 1860 2498 supplendam
1890 2423 1992 2496 atque

264 2531 548 2617 interpretandam
580 2531 713 2598 censeo:
755 2536 930 2599 MESENE
971 2536 1162 2600 FLUSARE
1194 2533 1416 2600 POIMVNIE
1448 2533 1527 2597 S...
1564 2531 1776 2594 ATERNOm
1821 2528 1992 2595 AVNOM

264 2651 488 2730 HIRETVM‚
511 2673 647 2717 mense
668 2656 830 2717 Florali
850 2654 1051 2718 Pomonae
1072 2654 1148 2717 S...
1172 2654 1220 2716 ad
1242 2653 1443 2717 Aternum
1463 2673 1611 2715 amnem
1633 2660 1851 2714 sacratum.
1893 2647 1989 2712 Sicut

265 2771 300 2829 in
321 2767 517 2852 Pompejana
539 2768 654 2850 domo,
678 2793 776 2854 quam
796 2773 900 2834 Fauni
922 2772 1052 2850 dicunt,
1082 2775 1163 2834 Osco
1188 2770 1383 2837 etseras
1403 2792 1465 2856 pro
1486 2772 1637 2832 Florae
1658 2772 1819 2854 scriptum
1840 2764 1985 2846 videtur,

264 2889 311 2947 sic
332 2907 466 2948 mense
488 2888 678 2966 Flusare,
702 2887 789 2971 quod
812 2893 846 2950 in
868 2889 978 2974 lapide
999 2890 1039 2951 ab
1061 2910 1089 2951 a.
1105 2890 1143 2953 U.
1158 2911 1186 2951 c.
1199 2893 1270 2955 695.
1295 2887 1383 2973 apud
1393 2888 1519 2951 Murat.
1531 2885 1773 2963 DLXXXVII,
1798 2890 1825 2952 1.
1847 2885 1985 2971 legitur,

263 3024 324 3087 pro
347 3024 481 3066 mense
502 3006 663 3066 Florali
684 3009 755 3068 sive
775 3003 880 3090 μηνὸς
902 2999 1182 3094 Ἀνθεστηριῶνος
1202 3008 1305 3068 scribi
1326 3009 1453 3090 potuit3
1488 3006 1675 3068 biretum
1696 3015 1808 3067 autem
1827 3003 1868 3065 ab
1888 2995 1985 3087 Ιερόω

262 3120 479 3184 derivandum
500 3120 653 3202 videtur,
685 3126 772 3186 sicut
803 3145 961 3202 avnom,
995 3145 1056 3208 pro
1087 3145 1227 3208 apnom
1256 3146 1332 3187 casu
1363 3125 1464 3186 locali
1488 3128 1647 3209 positum,
1679 3120 1766 3185 unde
1786 3116 1984 3183 Aternum

263 3237 377 3301 eodem
399 3259 476 3301 casu
497 3242 667 3324 supplevi,
696 3242 737 3302 ab
760 3262 853 3325 apa,
876 3240 964 3323 quod
984 3262 1046 3324 pro
1069 3262 1170 3325 aqua
1191 3252 1385 3326 usurpatum
1407 3260 1475 3302 esse
1503 3261 1622 3302 nomen
1645 3238 1833 3301 derivatum
1854 3239 1983 3299 amnis

262 3368 410 3419 testatur.
453 3358 491 3418 In
513 3358 611 3419 litera
631 3355 654 3417 S
677 3368 752 3440 post
773 3357 984 3420 Poimunie
1011 3369 1068 3421 aut
1088 3359 1252 3421 Pomonae
1277 3378 1457 3446 cognomen
1479 3356 1614 3438 aliquod
1635 3357 1734 3434 latet,
1757 3366 1815 3418 aut
1835 3363 1984 3419 statum

261 3474 478 3559 supplendum
501 3485 566 3551 est,
589 3477 674 3536 sicut
695 3477 729 3534 in
752 3475 874 3536 Volsca
894 3479 1113 3559 inscriptione
1133 3477 1273 3564 legitur:
1296 3477 1406 3539 Deve
1427 3475 1613 3536 Declune
1634 3484 1786 3536 statom
1809 3475 1899 3536 etin
1919 3473 1982 3535 fine

262 3564 375 3654 ec⁵se
408 3594 594 3652 cosuties
627 3591 701 3653 Ma.
735 3590 975 3655 Catafanies
1001 3592 1135 3655 medix
1162 3598 1260 3658 sisti
1285 3598 1431 3657 atieus.
1476 3593 1598 3655 Nescio
1627 3591 1777 3675 quidem,
1811 3588 1983 3653 anDiva

261 3711 444 3772 Decluna
464 3708 630 3793 Dictynna
651 3710 758 3770 Diana
779 3712 838 3788 sit,
862 3731 960 3792 quam
981 3730 1049 3773 esse
1071 3713 1183 3773 lunam
1203 3713 1377 3796 putabant,
1400 3719 1481 3773 teste
1503 3709 1605 3772 Paulo
1625 3709 1795 3787 Diacon03
1828 3705 1886 3770 sed
1904 3718 1981 3770 sta·

260 3839 342 3890 tom
362 3830 432 3887 sine
453 3824 553 3887 dubio
575 3823 663 3886 idem
685 3837 750 3905 est,
779 3825 866 3909 quod
887 3848 1067 3907 sacrum,
1101 3840 1199 3912 atque
1221 3841 1367 3892 extrema
1387 3830 1490 3892 verba
1511 3833 1560 3891 sic
1581 3832 1669 3892 verti
1690 3849 1785 3913 posse
1806 3825 1978 3890 videntur:

259 3965 305 4007 ex
337 3963 377 4004 se
410 3946 668 4026 consumptis
700 3949 770 4006 sive
801 3964 872 4006 suo
904 3957 1068 4030 sumptu
1097 3946 1371 4027 Mamercus)
1405 3945 1647 4009 Catafanies
1678 3943 1846 4007 meddix
1883 3946 1982 4006 sisti

260 4063 438 4124 curavit.
482 4059 568 4121 Nam
583 4062 755 4145 inscriptio
769 4082 900 4145 quoque
911 4063 1025 4125 Assisii
1040 4075 1188 4148 reperta:
1212 4063 1331 4159 PQST.
1346 4063 1577 4127 MIMESIVS.
1594 4063 1630 4126 C.
1643 4065 1675 4125 F.
1691 4063 1730 4124 T.
1744 4059 1980 4126 Mlnffislvs.

259 4179 378 4241 SERT.
403 4179 554 4255 (fortasse
576 4177 715 4255 SEXT.)
747 4181 776 4240 F.
807 4176 817 4260 d
842 4181 940 4244 NER.
972 4181 1153 4244 CAPIDAS
1186 4181 1222 4245 C.
1254 4183 1288 4244 F.
1317 4181 1411 4243 RVF.
1439 4178 1449 4262 11
1475 4180 1571 4242 NER.
1602 4178 1796 4243 BABRIVS.
1822 4179 1861 4245 T.
1883 4179 1917 4240 F.
1942 4176 1979 4240 C.

260 4295 451 4360 CAPIDAS.
474 4296 513 4357 Τ.
537 4296 571 4358 F.
595 4294 630 4360 C.
652 4295 693 4357 N.
718 4296 760 4358 V.
787 4294 797 4378 d
822 4296 1085 4361 VOLSIENVS.
1109 4298 1149 4358 T.
1173 4300 1204 4363 F.
1227 4296 1437 4371 MARONES
1461 4295 1472 4380 ΙΙ
1496 4298 1679 4362 MVRVM.
1701 4298 1766 4360 AB.
1784 4293 1980 4360 FORNICE.

261 4459 479 4470 ——....----·

421 4550 455 4619 *)
491 4554 534 4606 Ad
558 4553 633 4607 hanc
650 4551 812 4606 versionem
838 4550 1009 4622 probandam
1027 4552 1198 4605 Martiarum
1217 4550 1362 4622 Capellam
1384 4550 1499 4604 laudare
1523 4550 1624 4614 liceat,
1652 4551 1703 4620 qui
1720 4550 1770 4605 lib.
1791 4551 1855 4617 vll,
1873 4550 1896 4619 5.
1918 4551 1977 4607 733.

259 4645 385 4715 scripsit:
416 4641 543 4694 nTriadis
561 4642 685 4712 auspicio
704 4657 803 4711 preces
821 4640 938 4694 tertio
956 4658 989 4693 ac
1007 4641 1180 4694 libamina
1197 4648 1396 4711 repetuntur,u
1427 4647 1456 4693 et
1484 4638 1533 4695 lib.
1554 4639 1576 4696 1.
1604 4637 1627 4703 §-
1650 4643 1676 4695 9.
1705 4640 1862 4695 udenudala
1890 4655 1977 4710 pecu·

258 4738 326 4789 dum
345 4733 428 4786 caede
445 4732 605 4785 fissiculatis
625 4738 791 4783 extorum
809 4727 987 4797 prosiciis
1005 4730 1115 4782 viscera
1132 4731 1349 4799 loquebantur,u
1369 4729 1470 4798 quibus
1488 4728 1559 4782 locis
1577 4729 1641 4782 addi
1659 4738 1777 4800 possunt
1796 4727 1877 4782 Ovid.
1902 4726 1973 4782 Fast.

258 4827 307 4890 vl,
328 4826 387 4879 163.
414 4820 479 4874 ..sie
496 4820 545 4872 ubi
563 4819 711 4882 libavit,
737 4824 908 4888 prosecta
935 4815 984 4868 sub
1002 4818 1117 4872 aethere
1135 4818 1257 4889 pontus
1284 4826 1313 4871 et
1331 4821 1425 4872 Macer
1448 4818 1477 4871 in
1496 4817 1692 4889 ὀρνιθογονίᾳε
1719 4817 1856 4893 evulgari
1881 4809 1974 4871 tosta

258 4930 393 4984 vapore
412 4929 477 4963 cum
494 4910 585 4984 virgis
603 4915 771 4978 prosecta
796 4893 921 4958 teruntur
