4244 5722
1133 536 1144 548 ι

929 612 1177 679 ..η-

193 782 294 848 etiam
312 781 444 865 utapro
464 777 560 843 nobis
574 776 737 858 dicebant,
758 773 840 840 duas
853 774 994 841 ablativi
1013 772 1154 861 pluralis
1165 774 1289 860 species
1300 775 1337 836 in
1356 793 1420 838 usn
1434 771 1547 854 inisse,
1567 774 1654 836 sicut
1672 767 1761 858 apud
1772 768 1914 835 Umbros

193 894 336 987 re((l)p
362 907 396 961 ct
421 891 542 979 sadec
564 916 625 982 pro
648 896 787 969 turibus,
821 894 943 977 basque
972 895 1240 957 terminationem
1254 903 1371 993 'ortam
1392 912 1461 956 esse
1489 913 1507 956 e
1533 890 1660 956 Graeca
1680 913 1736 980 pc,
1767 887 1915 953 additae

192 1016 303 1093 litera,
324 1032 409 1097 quae
428 1013 593 1099 pluralem
612 1032 790 1075 numerum
810 1009 961 1074 indicare
980 1011 1116 1076 solebat.
1144 1009 1232 1073 Nam
1246 1011 1304 1074 bita
1323 1029 1386 1093 pro
1408 1011 1459 1075 bis
1479 1012 1725 1098 esse‘poaitnm,
1745 1008 1915 1096 cognosci·

192 1143 289 1212 ture
308 1131 403 1196 nobis
424 1142 458 1195 et
477 1131 579 1210 cobis,
600 1130 718 1214 quibus
740 1128 846 1193 dativi
865 1129 1042 1217 singularis
1063 1131 1195 1192 numeri
1217 1128 1280 1194 tibi
1301 1139 1335 1192 et
1354 1128 1420 1194 sibi
1440 1130 1488 1191 sic
1507 1125 1723 1211 respondent,
1743 1135 1782 1188 ut
1801 1123 1915 1187 duales

192 1249 397 1315 Graecorum
418 1244 463 1313 νώ
485 1257 519 1313 et
539 1244 613 1337 epol
634 1248 833 1312 latinorum
853 1248 1039 1330 pluralibus
1064 1267 1123 1311 nos
1143 1258 1178 1311 et
1195 1268 1269 1327 voa,
1296 1242 1353 1311 vel
1374 1247 1557 1319 accusativi
1585 1244 1764 1332 singularis
1791 1245 1826 1304 in
1854 1262 1915 1321 aar,

192 1389 248 1450 em,
269 1372 321 1449 ior,
342 1387 401 1447 cm,
422 1387 471 1430 em
491 1386 555 1450 pro
567 1390 617 1442 os,
637 1389 687 1453 ην,
709 1389 750 1444 ιν,
773 1387 821 1445 ον,
842 1389 893 1446 oa,
914 1376 1070 1430 exeuntes
1090 1366 1287 1429 accusativis
1308 1346 1461 1449 pluralis,
1482 1365 1597 1449 quiin
1609 1361 1813 1442 u(c)a,e(a)'c,
1825 1359 1915 1439 i(a)a,

192 1485 292 1566 o(n)s,
318 1485 405 1562 u(a)s
426 1483 590 1547 desinunt.
633 1483 753 1547 Umbri
773 1493 885 1546 autem
905 1503 924 1546 r
943 1503 1005 1567 pro
1026 1481 1223 1568 s'ponentes
1243 1485 1344 1547 etism
1364 1485 1401 1544 in
1415 1484 1622 1545 nominativo
1642 1480 1784 1565 pluralia
1804 1477 1917 1543 unctas·

192 1613 227 1668 et
246 1623 379 1682 ursmor,
400 1612 440 1666 nt
459 1596 646 1690 φρατρεῤ
667 1620 730 1687 pro
750 1600 885 1681 fratrea,
907 1600 1074 1665 dixerunt.

354 1723 385 1788 ἃ
428 1718 513 1809 Βρελ
537 1737 600 1804 pro
629 1716 736 1804 ερεζλε
757 1719 910 1800 Ι,17.19.
939 1722 1101 1803 scriptum
1127 1697 1276 1797 ridetur,
1309 1716 1416 1800 quod,
1447 1719 1534 1779 sicut
1559 1711 1741 1804 πυρτιφελε
1761 1714 1807 1794 V,
1818 1713 1914 1794 1),ἳῶ

192 1838 329 1902 ablativi
350 1856 443 1900 casus
464 1839 576 1900 locum
597 1835 727 1901 obtinet
746 1839 816 1918 ejus
842 1837 1002 1916 nominis,
1035 1838 1129 1916 cujus
1157 1838 1364 1898 accusativus
1391 1835 1533 1918 pluralis
1553 1834 1719 1914 vtato.
1740 1851 1813 1897 cras
1834 1834 1916 1893 scri-

192 1956 294 2019 bitur.
339 1953 437 2037 Quod
458 1953 593 2038 quidem
613 1973 749 2029 nomen,
777 1958 807 2016 si
827 1954 870 2016 ad
889 1951 1001 2042 περεμ
1021 1950 1216 2016 antecedens
1237 1955 1391 2037 respicit,
1419 1971 1533 2035 preces
1553 1951 1717 2039 designata
1744 1947 1832 2012 unde
1852 1947 1916 2026 Vl,

191 2077 273 2153 &37
293 2094 362 2156 sqq.
389 2076 549 2156 permina
573 2093 654 2155 pase
680 2093 773 2137 sorau
801 2082 836 2135 ct
862 2092 935 2134 enta
962 2072 1068 2135 diretta
1094 2089 1277 2152 synonyma
1305 2089 1375 2132 esse
1401 2068 1569 2137 videntur.
1623 2066 1689 2132 Sed
1716 2071 1803 2130 sicut
1829 2063 1917 2151 apud

192 2189 338 2253 Graecos
358 2184 459 2270 εὐχαὶ,
480 2183 685 2278 liceadque)
706 2192 810 2252 trium
830 2185 1038 2251 diversarum
1051 2206 1190 2271 precum
1209 2188 1346 2250 nomina
1360 2189 1508 2264 inerunt,
1529 2189 1579 2249 sic
1589 2207 1656 2249 nou
1678 2205 1789 2249 omnes
1801 2202 1917 2269 preces

191 2328 264 2372 eres
285 2307 353 2371 dici
374 2310 532 2391 potuisse,
553 2305 631 2369 inde
651 2305 787 2394 colligo,
809 2303 899 2389 quod
919 2306 1077 2388 1,2·tsqq.
1101 2306 1242 2392 legitur:
1519 2385 1525 2396 Ι

437 2421 516 2510 abac
536 2421 634 2502 ταζεξ
670 2421 781 2511 sabea,
802 2443 917 2511 ινεμεκ
936 2425 1093 2503 nepotes,
1116 2419 1232 2511 αρκανι
1253 2443 1380 2496 amasa,
1402 2443 1544 2503 κυματες
1562 2419 1764 2508 saporatae.

440 2562 514 2606 ena
534 2551 643 2605 urens
665 2540 780 2621 dicito,
802 2539 881 2603 lnde
921 2542 1101 2619 cumulato,
1123 2558 1242 2603 arcane
1263 2543 1386 2618 canito,
1408 2543 1509 2602 tacite
1560 2550 1723 2625 precator.

192 2657 475 2744 Quemadmodum
489 2660 545 2721 hic
565 2678 682 2722 κανετε
693 2656 735 2720 ad
756 2675 795 2720 aa
805 2659 953 2719 carmina
974 2656 1184 2719 referendum
1196 2667 1256 2736 est,
1278 2677 1422 2740 quornm
1432 2657 1600 2745 Virgilius
1611 2660 1679 2720 Ecl.
1691 2657 1784 2740 vm,
1796 2660 1838 2724 67
1847 2677 1915 2741 sqq.

192 2781 359 2855 meminit3
391 2778 440 2838 sic
468 2771 547 2861 abac
566 2773 664 2865 cedre
692 2773 734 2837 ad
754 2767 841 2862 ἀρᾶς
861 2777 932 2837 sive
953 2775 1192 2837 incantationes
1214 2777 1424 2859 expiatorias.
1468 2776 1560 2837 Hinc
1580 2775 1642 2855 VI,
1660 2795 1690 2854 a,
1705 2778 1755 2842 to.
1775 2779 1916 2857 perstico

191 2914 264 2960 erus
285 2894 358 2957 dite
378 2895 519 2980 legitur,
546 2893 606 2954 nbi
625 2895 767 2972 persticc
787 2910 850 2975 pro
869 2895 1013 2973 persico,
1035 2892 1067 2957 h.
1091 2911 1120 2955 e.
1143 2911 1219 2953 cum
1240 2893 1438 2956 lustratione
1458 2872 1495 2958 et
1511 2897 1726 2982 purgatione,
1755 2896 1916 2978 scriptam

190 3011 343 3076 videtur:
376 3013 530 3073 retertur
552 3012 640 3071 enim
668 3008 710 3071 ad
736 3010 872 3091 pareda)
893 3030 919 3076 s.
942 3011 1173 3073 lustrationem
1194 3012 1230 3072 in
1250 3011 1362 3074 verbis
1385 3021 1522 3095 quartae
1549 3013 1680 3076 tabulae
1701 3010 1780 3100 ostie
1798 3010 1916 3100 καπιρο

189 3127 299 3219 repert
319 3148 433 3217 petre,
461 3127 495 3193 h.
517 3145 546 3191 e.
569 3126 712 3189 lustrum
739 3121 854 3211 dapide
881 3147 957 3189 cnm
984 3129 1138 3210 precibus
1166 3132 1284 3207 facito,
1314 3141 1541 3194 memoratam.
1585 3131 1778 3195 Notandum
1806 3141 1914 3195 antem

191 3256 250 3325 est,
272 3244 360 3329 quod
380 3249 417 3307 in
438 3254 555 3327 quarta
578 3245 688 3307 tabula
708 3244 789 3307 haec
808 3245 873 3307 sibi
894 3247 1039 3329 primum
1060 3244 1292 3328 respondeant:

437 3362 693 3442 1V,b‚28.aas
718 3364 869 3444 deflare
889 3359 1054 3448 cedenac,
1190 3363 1301 3452 σθρεμ
1320 3362 1488 3451 ascende
1540 3386 1641 3456 pera:

435 3478 498 3556 IV,
511 3481 542 3558 b,
554 3484 607 3546 31.
630 3499 690 3542 απι
710 3478 804 3568 spel.
884 3478 1050 3567 aedessae,
1073 3498 1168 3546 evea
1190 3481 1301 3572 σθρεμ
1321 3483 1511 3572 ascenden
1540 3506 1637 3574 pasca
1659 3469 1862 3576 occplrcliat

189 3597 307 3662 deinde
326 3616 408 3663 vero
431 3595 750 3676 dicetur1V‚b‚34.
773 3618 834 3662 carc
855 3593 1180 3689 suosprudenter,
1202 3623 1300 3666 area
1332 3600 1543 3689 Ιαπιναρᾱ
1568 3600 1665 3688 abac
1691 3624 1793 3667 ceca.
1814 3637 1855 3651 —

189 3715 288 3799 Quod
308 3718 337 3777 si
357 3714 443 3804 περθ
462 3713 580 3804 amede
600 3712 712 3802 πορθμ
733 3736 831 3804 pecca
851 3729 885 3781 et
905 3715 981 3806 ερελ
1002 3738 1026 3779 s.
1051 3716 1128 3804 ερθς
1148 3740 1222 3783 stre
1247 3740 1430 3803 synonyma
1457 3733 1550 3801 sunt,
1580 3741 1740 3810 agnarum
1767 3722 1914 3781 incauta·

189 3836 295 3897 tiones
316 3843 368 3896 ter
389 3815 547 3896 dicendae
568 3836 715 3913 inerunt,
738 3844 879 3914 etanta,
902 3847 937 3899 et
957 3847 1031 3919 post
1047 3835 1117 3913 ‚duo
1139 3836 1225 3926 cepo
1244 3834 1417 3924 πεσεντρα,
1440 3858 1582 3922 quornm
1603 3840 1744 3901 alterum
1759 3835 1915 3926 σταφλτι-
1936 3906 1938 3914 .

188 3952 292 4033 Febr)
314 3972 340 4016 s.
361 3951 600 4014 stabulativnm
619 3962 771 4016 vocatur.
815 3952 855 4015 In
881 3964 971 4017 sexta
998 3954 1110 4028 tabula
1131 3955 1193 4034 Vl,
1206 3975 1236 4034 a,
1248 3959 1298 4032 40.
1326 3956 1542 4038 pesonarum)
1557 3961 1706 4040 ,atuficre
1733 3957 1914 4040 opponitur

186 4071 344 4150 pesondro
365 4069 578 4148 soractemst),
608 4073 696 4133 sicut
723 4071 824 4155 paulo
852 4091 954 4154 snpra
990 4077 1152 4139 vestiarum
1187 4077 1350 4156 stellarem
1379 4078 1563 4160 oppositam
1597 4077 1738 4163 legimus
1766 4071 1915 4138 vestitior

187 4188 334 4264 saresbr,
358 4188 391 4249 h.
415 4207 442 4251 e.
468 4198 543 4250 exta
564 4188 747 4253 stabularia
768 4191 853 4251 extis
874 4190 1061 4252 socialibus.
1106 4190 1144 4251 In
1165 4192 1216 4252 his
1239 4199 1347 4253 tamen
1369 4193 1466 4277 plura
1488 4191 1630 4256 notanda
1650 4202 1746 4255 snut:
1768 4195 1927 4276 primum·

187 4307 276 4367 enim
298 4305 359 4383 IV,
372 4305 404 4384 b,
414 4304 465 4372 34.
489 4326 551 4368 απι
569 4302 682 4393 σερυφ
701 4304 857 4392 sadracas
876 4309 1037 4392 scriptum
1058 4318 1124 4387 est,
1146 4311 1233 4373 sicut
1253 4309 1315 4389 vt,
1329 4331 1358 4389 a,
1370 4314 1420 4377 37.
1441 4331 1521 4392 pose
1541 4331 1651 4390 sorso3
1673 4308 1731 4374 scd
1750 4310 1910 4390 vtato.

185 4439 283 4503 perce
300 4423 508 4503 pcaoadrisco
529 4421 631 4485 bobas
655 4424 796 4511 legitur,
810 4425 914 4487 .sicut
934 4425 1101 4505 vl‚a,3t.
1125 4447 1184 4508 ape
1207 4413 1367 4509 pesum
1393 4431 1585 4510 perdimus,
1613 4432 1706 4512 quasi
1733 4420 1852 4494 sorsum
1880 4439 1913 4494 et

186 4541 393 4620 persondmm
413 4559 595 4623 synonyma
616 4544 691 4604 sint.
734 4540 779 4604 At
799 4543 834 4604 in
856 4544 1017 4630 singulari
1039 4563 1179 4607 numero
1199 4565 1321 4610 sorsum
1347 4548 1545 4632 simpliciter
1566 4545 1692 4610 dicitur
1708 4549 1913 4629 perroodrora
1971 4625 1974 4628 .

187 4656 287 4736 illud,
309 4656 399 4740 quod
417 4657 580 4723 stabulari
600 4661 791 4742 opponitur.
834 4660 892 4721 Est
912 4662 1018 4748 igitur
1037 4682 1158 4725 sorsum
1178 4661 1379 4746 adjectivum
1401 4649 1471 4750 pro·
1485 4665 1615 4744 soracti,
1636 4674 1674 4729 nt
1694 4665 1781 4750 apud
1795 4667 1913 4729 Roma·

187 4794 247 4837 uos
269 4779 387 4839 accium
407 4796 471 4860 pro
493 4776 618 4856 sodali,
641 4779 803 4859 positum:
826 4780 888 4840 etsi
909 4780 997 4841 enim
1018 4776 1080 4859 IV,
1094 4780 1126 4858 b,
1137 4784 1189 4847 31.
1210 4763 1399 4867 uerendus
1419 4781 1659 4871 csnptrtFatp)
1682 4784 1782 4847 etiam
1802 4781 1912 4872 σερειμ

187 4890 330 4973 dicitur,
361 4896 397 4957 in
425 4905 518 4959 sexta
546 4903 657 4959 umen
682 4879 795 4960 tabula
820 4889 1039 4978 pesoadrobu)
1066 4917 1185 4963 soranos
1213 4898 1275 4977 VI,
1295 4901 1386 4979 aas.
1417 4910 1451 4964 et
1474 4901 1662 4982 pesoadrom
1689 4902 1824 4984 staflcre
1847 4901 1909 4980 Vl,
