4244 5722
1051 595 1258 658 ..5-

289 764 499 863 Eugahinis
532 761 709 858 particula¹
743 762 879 859 prima:
912 784 958 834 ex
988 761 1036 833 iis
1068 770 1211 852 autem,
1245 788 1338 860 quae
1370 766 1471 838 idem
1504 766 1551 840 de
1582 765 1768 839 literatura
1792 763 2024 841 Umbrorum

289 885 460 956 universa
485 881 665 971 disseruit,
689 880 731 952 id
756 879 879 952 solum
904 878 1125 974 excerpsisse
1149 879 1296 973 suffiae,
1331 880 1480 956 illarum
1505 883 1714 958 tabularum
1740 884 1905 980 quinque
1930 881 2024 956 Tus·

289 1001 341 1072 cis
365 999 481 1072 literis
505 999 697 1093 inscriptas
722 1024 814 1088 esse,
840 996 931 1068 duas
957 1019 1091 1091 easque
1115 998 1294 1070 maximas
1309 997 1464 1092 Latinis,
1489 1025 1580 1097 quas
1607 1003 1718 1073 etiam
1741 999 1920 1073 undecim
1943 1021 2023 1070 ver·

288 1142 351 1191 sus
376 1119 502 1190 tertiae
526 1111 672 1186 tabulae
706 1110 836 1208 adjecti
860 1115 901 1184 in
926 1113 1229 1207 eainscriptione
1254 1117 1439 1208 exhibent,
1464 1142 1576 1214 quarn
1601 1118 1793 1208 Gruterus,
1818 1141 1865 1190 ex
1888 1114 2023 1190 Banmi

287 1233 511 1307 bibliotheca
535 1231 676 1303 Patavii
709 1232 936 1327 acquisitam,
974 1254 1054 1326 pag.
1082 1228 1232 1323 CXLV,
1261 1234 1294 1308 l.
1320 1233 1422 1307 velut
1453 1237 1636 1310 diversam
1661 1259 1682 1306 a
1707 1234 1858 1330 reliquis
1887 1232 2022 1324 edidit,

288 1350 434 1447 aliique,
460 1360 502 1422 ut
526 1348 689 1421 Smetius
714 1360 751 1422 et
761 1346 914 1440 Merula,
940 1357 1110 1422 oausam
1129 1347 1364 1443 appellarunt
1383 1351 1558 1424 tabulam.
1601 1353 1786 1423 Diversos
1810 1347 2021 1424 tabidarum

289 1481 451 1542 auctores
476 1492 497 1539 e
523 1465 677 1538 diversis
702 1455 851 1563 prorsus
875 1465 1105 1560 temporibus
1129 1466 1248 1560 arguit
1272 1467 1483 1563 scripuuae,
1509 1469 1787 1564 orthographiae
1812 1478 1922 1564 atque
1947 1490 2022 1539 ser-

287 1587 416 1659 monis
435 1583 658 1660 <therentius
691 1586 831 1680 qubus
849 1582 1089 1677 temporibm
1108 1593 1232 1654 auteur
1256 1583 1401 1659 tabulae
1426 1588 1627 1681 imeriptae
1647 1581 1742 1674 mat,
1776 1583 1889 1661 nne
1907 1578 2022 1657 dubia

287 1716 323 1777 et
347 1705 484 1775 incerta
509 1710 564 1772 est
588 1699 798 1794 disputatio.
847 1698 954 1771 Licet
978 1700 1080 1769 enim
1105 1701 1337 1792 concesseris,
1362 1700 1512 1774 Latinas'
1545 1702 1668 1774 literas
1693 1701 1810 1772 serius
1842 1702 1885 1772 in
1907 1724 2022 1774 usum

286 1824 429 1894 venisse
471 1840 582 1914 quam
615 1815 768 1907 Tuscae,
807 1816 939 1888 eodem
969 1826 1092 1887 tamen
1117 1827 1283 1913 tempore
1308 1841 1425 1913 quum
1451 1818 1583 1893 Tuscis
1608 1828 1690 1890 tum
1720 1817 1863 1890 Latinis
1904 1816 2023 1890 literis

287 1939 401 2010 scribi
434 1935 613 2031 potuisse,
648 1931 825 2005 Italorum
856 1934 1079 2005 numismata
1113 1933 1253 2007 docent
1305 1936 1390 2007 Imo
1422 1933 1512 2006 fieri.
1536 1937 1676 2030 potuit,
1710 1944 1769 2024 ut,
1802 1958 1922 2029 quum
1944 1935 2023 2027 jam

285 2054 432 2152 pridem
457 2047 598 2123 Latinis
624 2047 739 2121 literis
765 2050 877 2123 scribi
903 2059 1074 2145 coeptum
1098 2062 1205 2141 esset,
1235 2052 1367 2123 Tuscis
1392 2050 1508 2125 literis
1533 2062 1739 2124 exarareuu
1763 2051 1942 2123 recentior
1964 2050 2021 2122 in·

285 2171 447 2269 scriptio.
498 2162 601 2241 Vana
625 2164 741 2263 igitur
773 2176 828 2237 est
862 2165 982 2235 omnis
1007 2162 1136 2258 Lepsii
1161 2169 1366 2259 conjecbrra
1398 2167 1445 2239 de
1478 2168 1658 2240 sermonis
1690 2164 1864 2240 Umbrici
1893 2167 2022 2241 indole

283 2287 478 2386 paullatim
502 2292 658 2373 mutata,
680 2290 857 2378 quatenus
883 2278 948 2350 illa
973 2303 1015 2350 ea
1041 2278 1285 2354 affirmatione
1310 2281 1450 2374 nititur,
1477 2282 1637 2358 Tuscana
1662 2283 1901 2377 literaturam,
1924 2308 2022 2381 quae

282 2429 368 2479 vere
392 2400 572 2483 Umbrica
598 2398 656 2487 sit,
682 2399 869 2493 antiquam
886 2394 1116 2469 Umbrorum
1142 2401 1480 2493 pronuntiationem
1504 2424 1620 2497 aeque
1644 2402 1790 2495 referre,
1815 2410 1926 2500 atque
1947 2396 2021 2473 llo-

281 2544 432 2600 masam
464 2512 717 2615 posteriorem.
775 2510 902 2609 Longe
934 2511 1089 2585 meliora
1121 2511 1279 2611 Lepsius
1312 2512 1481 2611 exposuit
1511 2517 1558 2590 de
1588 2516 1713 2590 literae
1747 2514 1907 2611 cujusvis
1931 2540 2018 2614 pro-

281 2637 509 2713 nuntiatione
535 2643 571 2705 et
596 2630 641 2702 de
667 2631 907 2728 dispositione
925 2627 1143 2723 tabularum,
1169 2655 1326 2729 quarum
1348 2656 1541 2706 recensum
1565 2630 1664 2706 hunc
1688 2631 1728 2706 in
1753 2628 1913 2709 modum
1936 2657 2022 2732 pm·

280 2756 386 2832 tulit:
418 2746 1720 2843 lv,b&a;v,baa3ssat131n,a&b;vl,baacum
1754 2744 1947 2844 VILa&
1980 2754 2021 2825 b.

281 2873 382 2946 Hinc
407 2864 634 2965 quadruplex
660 2867 800 2937 exsistit
824 2862 1034 2936 tabularum
1059 2876 1328 2958 argumentum,
1354 2867 1440 2962 qnia
1465 2864 1521 2940 VI
1546 2864 1580 2941 ds
1605 2864 1678 2942 vll
1705 2866 1850 2941 tabulae
1875 2862 2022 2942 Latinis

281 2990 401 3063 literis
426 2987 593 3083 scriptae,
624 2984 692 3056 etsi
717 2980 836 3054 mtdto
861 2983 1002 3054 auctius
1027 2991 1136 3078 atque
1161 2982 1373 3071 correctius,
1404 2981 1535 3055 eadem
1560 2994 1685 3057 tamen
1710 2995 1895 3081 repetunt,
1924 3004 2021 3081 quae

279 3100 404 3175 tabula
428 3096 485 3174 IV
510 3099 666 3172 exhibet.

447 3267 482 3343 3⁸
533 3269 695 3363 Repetiti
717 3268 830 3359 bujns
853 3269 1061 3363 argumenti
1083 3267 1187 3339 initia
1211 3267 1383 3362 leguntrn
1406 3271 1446 3340 in
1471 3271 1672 3364 posteriore
1696 3271 1752 3344 lv
1773 3283 1810 3344 et
1834 3272 1890 3345 VI
1913 3271 2021 3344 tm

281 3393 407 3463 tumn
423 3386 572 3481 pegma:
595 3385 776 3456 Bonarota
794 3387 895 3457 enim
912 3387 952 3456 in
973 3385 1184 3479 llempsteri
1200 3384 1310 3477 libro,
1329 3387 1615 3480 amplitudinem
1633 3389 1711 3460 sere
1731 3389 2023 3484 inscriptionem

282 3518 439 3594 secutus,
457 3503 597 3575 tabulas
614 3527 741 3574 omnes
756 3513 832 3574 tam
844 3526 1016 3597 perverse
1030 3502 1266 3592 coordinavit,
1280 3514 1323 3575 ut
1337 3528 1414 3575 nun
1429 3504 1542 3576 modo
1560 3506 1724 3599 priorem
1738 3517 1882 3600 partem
1890 3501 2021 3596 W,V,

280 3624 340 3698 vl
362 3621 580 3708 tabularum,
607 3620 692 3715 quia
717 3620 864 3692 brevior
889 3631 975 3710 erat,
1000 3621 1192 3715 posticam
1225 3623 1466 3715 posteriorem
1497 3631 1623 3693 contra
1657 3622 1816 3695 anticam
1841 3623 2020 3721 paginam

278 3742 417 3830 lecerit,
454 3760 588 3810 versam
618 3736 774 3808 etiams
809 3739 953 3811 duabus
991 3735 1139 3825 tabulis,
1177 3758 1277 3830 quas,
1316 3761 1434 3833 quum
1465 3739 1504 3810 in
1531 3763 1603 3810 una
1628 3748 1775 3811 tautam
1797 3741 1938 3835 pagina
1958 3762 2018 3812 ex·

280 3858 442 3954 sculptae
475 3866 605 3946 essent,
643 3853 795 3951 reliquis
826 3855 1054 3951 anteposuit,
1088 3854 1331 3949 posteriorem
1364 3856 1498 3950 priore,
1534 3852 1697 3950 priorem
1733 3857 1896 3928 secundo
1933 3855 2019 3928 loce

279 3972 482 4071 protulerit.
533 3973 641 4046 Illam
662 3973 796 4045 Gorius
821 3976 861 4044 in
885 3973 1102 4069 Appendice
1127 3969 1250 4046 illaesi
1268 3968 1426 4046 Etrauci
1449 3970 1631 4067 explicare
1655 3984 1804 4046 comam
1829 3984 1900 4062 ast,
1919 3974 2019 4045 huc

279 4092 457 4165 Gurtenss
482 4113 562 4183 pag.
582 4087 737 4162 cxnn.
752 4088 929 4184 vulgavit,
973 4091 1082 4164 Idem
1098 4101 1239 4162 sexum
1255 4089 1386 4161 Latine
1407 4090 1581 4183 scriptam
1603 4088 1768 4162 tabulmn
1787 4091 1923 4163 tactim
1936 4091 2018 4187 qm'n

278 4209 366 4282 dem
381 4207 574 4301 disposuit,
598 4207 665 4278 ssd
677 4208 793 4301 magis
819 4206 1073 4278 discedentem
1085 4207 1232 4301 scripsit
1250 4206 1297 4278 ab
1313 4206 1523 4302 archetypo,
1545 4229 1657 4301 quam
1673 4205 1929 4304 Dempsterus,
1955 4222 2018 4279 aa»

278 4327 337 4419 jus
353 4323 508 4414 tabulae,
534 4323 763 4395 siliterarnm
781 4324 1072 4417 magnitudinem
1091 4324 1293 4418 exceperis,
1305 4322 1442 4396 formas
1457 4323 1619 4396 tulerunt
1634 4348 1678 4395 ex
1702 4326 1800 4398 veris
1813 4314 2017 4421 σηπίη.

278 4440 379 4515 Hinc
402 4442 582 4515 Gruterus
607 4441 731 4513 literas
755 4442 807 4513 ab
833 4437 955 4518 GGG.
979 4465 1005 4514 a·
1023 4440 1100 4512 line
1124 4441 1301 4536 septimae
1325 4441 1470 4514 tabulae
1494 4442 1669 4513 undecim
1693 4443 1820 4515 tertiae
1843 4438 2017 4515 versibus

277 4560 406 4631 Latine
444 4561 588 4655 scriptis
628 4559 801 4649 subjecit,
833 4581 936 4652 quiae,
975 4560 1012 4630 si·
1046 4559 1199 4632 tertium
1236 4558 1403 4631 manliam
1439 4559 1613 4648 indicant,
1638 4580 1727 4654 quo,
1758 4580 1851 4656 quae
1888 4558 2017 4653 prim

279 4677 413 4749 Tuscis
436 4675 551 4748 literis
578 4687 720 4748 exarata
745 4685 866 4765 crant,
885 4675 1005 4747 multo
1029 4677 1168 4749 auctius
1195 4678 1329 4771 scripta
1353 4672 1496 4749 Latinis
1520 4673 1636 4746 literis
1660 4676 1932 4770 repetebantur,
1954 4676 2014 4746 in·

279 4797 521 4889 scriptionum
543 4795 675 4866 harum
691 4805 858 4889 tempora
883 4793 970 4864 satis
985 4794 1157 4888 produnt
1210 4793 1337 4875 Quum
1360 4795 1463 4866 enim
1475 4790 1690 4865 Intiuarum
1715 4792 1935 4886 inlguvinis
1959 4801 2014 4864 ta-

277 4910 376 4983 bulis
401 4909 590 4984 literarum
615 4912 754 4985 formae
777 4911 818 4983 in
843 4920 988 4984 sentum
1013 4911 1090 4985 fere
1114 4910 1282 4986 seculum
1306 4913 1352 4986 ab
1378 4910 1480 4987 Urbs
1514 4910 1661 4985 condita
1683 4908 1859 4999 incidant,
1882 4918 2014 5007 quea
