4244 5722
925 579 1172 645 ..0-

147 779 150 786 ·
187 753 286 828 atqua
305 740 439 806 Umbris
466 757 541 801 cum
562 736 699 806 Graecis
720 741 907 805 communis
927 742 1082 822 luerunt,
1113 743 1298 826 antiquitus
1321 744 1459 823 usitata,
1490 759 1596 825 nsque
1620 742 1726 806 setim
1750 741 1788 802 iu
1812 757 1916 803 nsum

185 870 320 947 recepta
337 855 483 944 putanda
502 858 577 925 sint

347 977 378 1042 d.
422 972 508 1038 Sunt
528 983 638 1037 autem
661 976 764 1059 prisci
785 973 917 1056 Graeci,
938 995 1082 1059 quorum
1102 980 1362 1067 consanguineos
1382 976 1524 1042 Umbros
1543 985 1639 1063 puto,
1660 975 1703 1040 ab
1713 972 1913 1038 Hellenibus

187 1094 323 1161 serioris
344 1095 479 1171 aetatis,
509 1094 545 1154 in
567 1112 649 1175 quos
670 1093 810 1157 illorum
829 1114 949 1157 nomen
970 1114 1032 1180 per
1052 1093 1215 1161 Romanos
1236 1095 1368 1160 demum
1388 1097 1537 1175 transiit,
1563 1096 1646 1159 bene
1666 1088 1910 1182 distinguendis

187 1207 464 1297 quemadmodum
484 1212 575 1272 enim
596 1210 776 1274 Umbricus
795 1231 904 1275 sermo
926 1232 988 1298 per
1008 1217 1120 1277 varios
1142 1234 1235 1278 casus
1255 1217 1304 1277 sic
1323 1217 1517 1279 immutatus
1538 1222 1603 1289 est,
1635 1223 1674 1275 ut
1698 1211 1813 1297 plures
1833 1205 1914 1271 inde

185 1338 402 1394 nascerentur
423 1326 559 1393 dialecti
578 1333 681 1418 magis
702 1333 870 1418 magisque
892 1330 1052 1410 diversae,
1073 1335 1183 1417 prisca
1194 1332 1398 1397 Graecorum
1418 1333 1568 1416 ianiro
1588 1332 1705 1419 lingue
1725 1348 1787 1415 per
1805 1345 1916 1413 popu·

184 1450 237 1514 los
257 1446 411 1513 Helladis
432 1458 501 1511 tam
523 1451 616 1512 varie
635 1451 766 1514 exculta
786 1460 853 1530 est,
881 1460 920 1513 nt
940 1469 1008 1512 non
1028 1448 1217 1514 mirandum
1237 1454 1299 1531 sit,
1331 1449 1573 1536 quod‘tandem
1591 1448 1731 1513 Graecis
1750 1445 1914 1511 barbarae

185 1567 382 1634 viderentur
410 1566 561 1654 linguae,
592 1587 676 1648 quae
703 1570 887 1652 antiquitus
913 1587 982 1630 non
1006 1570 1108 1656 magis
1137 1566 1351 1648 differebant,
1383 1588 1482 1653 quam
1507 1571 1579 1653 ipsa
1605 1567 1759 1631 Romana.
1803 1563 1914 1627 Etiam

186 1687 357 1751 Titinnius
377 1683 466 1771 apud
492 1686 623 1748 Festum
643 1695 797 1750 auctores
817 1685 1051 1750 Atellanarum
1071 1685 1282 1765 fabularum,
1310 1700 1372 1771 per
1398 1705 1479 1770 quas
1506 1682 1687 1749 secundum
1712 1680 1913 1747 Strabonem
1946 1724 1954 1741 .

186 1804 233 1884 V,
243 1808 276 1885 3,
286 1805 316 1869 6.
333 1824 407 1891 pag.
420 1807 491 1870 233.
514 1801 573 1865 diu
592 1804 717 1868 Romae
736 1805 848 1892 viguit
860 1806 1024 1870 Oscorum
1044 1804 1171 1892 lingua,
1191 1813 1365 1888 postquam
1385 1805 1422 1868 in
1442 1806 1514 1889 ipsa
1524 1803 1703 1886 Campania
1723 1801 1912 1876 interierat,

186 1923 251 1987 hoc
271 1940 371 1987 versu
392 1919 525 1984 derisit:

433 2038 535 2103 Obsce
555 2049 590 2102 et
614 2039 728 2105 Volsca
748 2039 957 2104 fabulantur:
979 2061 1056 2104 nam
1076 2039 1195 2106 Latine
1215 2043 1376 2106 nesciunt.

187 2158 427 2226 Verumtamen
447 2156 516 2218 illis
536 2156 672 2242 linquis,
694 2166 734 2221 ut
753 2156 915 2220 Martiani
936 2155 1093 2243 Capellae
1111 2158 1225 2225 verbis
1246 2168 1334 2239 utar,
1361 2166 1430 2222 tam
1450 2157 1662 2236 coniunctam
1681 2153 1913 2244 cognationem

186 2297 262 2341 cum
281 2275 403 2339 Latina
423 2271 516 2337 dedit
536 2283 673 2354 natura,
704 2284 831 2338 utnon
857 2276 966 2338 minus
987 2276 1086 2339 facile
1113 2277 1404 2365 intelligerentur,
1436 2296 1536 2360 quam
1555 2275 1730 2353 Umbrica,
1763 2274 1795 2335 si
1814 2271 1913 2357 plura

184 2394 281 2458 nobis
301 2391 342 2456 de
362 2392 472 2476 prisco
497 2391 698 2456 Latinorum
724 2410 878 2457 sermone
906 2395 1150 2484 innotuissent„
1176 2412 1277 2479 quam
1303 2413 1386 2478 quae
1413 2394 1526 2458 Festus
1553 2413 1595 2456 ex
1623 2393 1750 2456 Verrio
1781 2389 1915 2469 Flacco,

183 2510 315 2576 Nonius
341 2509 542 2588 Marcellus,
573 2510 700 2594 aliique
727 2521 1003 2575 commentatores
1037 2522 1137 2597 atque
1165 2513 1375 2600 grammatici
1402 2520 1532 2575 vetares
1560 2510 1781 2593 reliquerunt.
1824 2505 1916 2571 Nam

183 2632 310 2693 mirum
331 2637 391 2706 est,
412 2629 449 2689 in
469 2638 628 2710 quantum
649 2630 721 2712 ipsa
739 2629 862 2692 Latina
881 2629 997 2716 lingua
1016 2630 1190 2714 paullatim
1210 2631 1384 2698 immutata
1405 2630 1459 2693 sit.
1484 2612 1562 2691 Jam
1569 2626 1724 2710 Polybius
1735 2624 1914 2705 HLQS„

184 2749 331 2833 primum
351 2742 468 2808 foedus
488 2744 577 2806 inter
596 2744 761 2806 Romanos
782 2754 816 2807 et
837 2743 1124 2832 Carthaginienses
1152 2748 1264 2809 statim
1289 2755 1365 2830 post
1391 2763 1487 2831 reges
1514 2753 1646 2810 exactos
1670 2746 1778 2808 ictum
1805 2745 1915 2807 inter·

184 2875 329 2953 pratens,
350 2860 392 2924 de
411 2863 535 2925 veteris
555 2861 840 2948 linguaeLatinae
861 2859 1083 2945 discrepantia
1103 2864 1268 2945 queritur,
1285 2895 1286 2898 ¹
1301 2880 1386 2945 quaa
1405 2870 1497 2926 tanta
1516 2864 1629 2941 fuerit,
1643 2871 1687 2924 ut
1704 2861 1759 2925 vel
1776 2860 1913 2944 peritis-

78 3036 81 3041 ,
183 2983 261 3046 simi
278 2978 439 3043 nonnulla
459 2997 569 3066 aegra,
585 2979 643 3043 ubi
664 2980 773 3041 minus
794 2976 1007 3059 attenderint,
1030 2979 1207 3061 explanare
1227 2979 1412 3062 quiverint:
1434 2987 1532 3062 atque
1553 2973 1912 3063 quemadmodumllo-

184 3104 291 3166 ratius
310 3100 413 3184 Epist
435 3096 479 3179 11,
494 3101 524 3178 l,
535 3098 577 3164 86
598 3117 645 3180 sq.
666 3097 766 3160 illum
786 3095 936 3177 deridet,
963 3100 1022 3180 qui
1041 3096 1171 3161 Saliare
1191 3095 1322 3160 Numae
1343 3115 1491 3176 carmem
1524 3094 1613 3181 quod
1632 3115 1746 3160 mcum
1765 3098 1913 3184 ignoret,

184 3220 275 3283 solus
294 3217 379 3281 velit
397 3216 483 3278 scira
504 3213 626 3294 videri,
644 3216 697 3278 sic
719 3213 806 3299 apud
826 3214 1039 3279 Macrobium
1060 3214 1094 3278 S.
1117 3215 1145 3294 1,
1157 3218 1189 3283 d·
1210 3214 1369 3295 Avienus,
1390 3217 1547 3304 congeris
1564 3212 1704 3298 quedam
1723 3215 1915 3300 priscorum

184 3335 367 3402 verborum
387 3353 408 3395 a
428 3331 548 3395 Servio
570 3334 671 3394 facta:
704 3330 857 3410 scurias,
879 3333 1001 3416 inquit,
1023 3342 1057 3396 et
1076 3334 1248 3397 Fabricius
1268 3342 1304 3397 et
1324 3331 1560 3407 Coruncanius,
1588 3331 1812 3416 antiquissimi
1831 3331 1913 3409 viri,

186 3455 260 3520 »vel
282 3453 381 3515 etiam
403 3449 455 3511 his
476 3451 679 3532 antiquiores
694 3449 830 3512 Horatii
852 3449 906 3511 illi
927 3450 1110 3537 trigemini,
1132 3449 1230 3533 plane
1250 3470 1289 3513 ec
1309 3449 1456 3514 dilucide
1477 3470 1553 3513 cum
1573 3452 1643 3513 suis
1662 3449 1802 3512 tabulati
1823 3457 1912 3529 suun

187 3588 312 3654 »neque
331 3568 567 3631 Auruncorum
588 3577 645 3630 aut
665 3564 865 3629 Sicanorum
885 3577 943 3630 aut
956 3566 1181 3655 Pelasgorum,
1202 3568 1261 3651 qui
1281 3570 1385 3653 primi
1404 3568 1545 3632 coluisse
1564 3569 1601 3631 in
1621 3558 1721 3631 ltalia
1741 3565 1912 3647 deantur,

187 3687 263 3755 »sed
283 3688 399 3750 aetatis
419 3704 497 3748 snae
516 3685 629 3749 verbis
649 3685 843 3748 utebantur:
876 3694 916 3748 tu
941 3693 1052 3747 antem
1079 3683 1219 3770 perinde
1246 3687 1340 3770 quasi
1361 3706 1437 3751 cum
1465 3696 1571 3750 matra
1590 3683 1739 3761 Evandri
1759 3685 1911 3769 loquare,

187 3809 257 3874 svis
278 3804 373 3868 nobis
393 3804 495 3866 verba
516 3803 630 3866 multis
661 3804 728 3881 jam
755 3803 877 3865 seculis
898 3803 1077 3866 obliterata
1097 3817 1289 3869 revocare-t
1333 3804 1429 3876 Hinc
1442 3803 1561 3868 Paulus
1580 3803 1675 3872 Diae.
1698 3803 1836 3868 eFesto
1856 3822 1913 3866 ex·

186 3926 325 4010 carpsit=
361 3918 498 3985 »Latiae
525 3920 620 4004 loqui
640 3939 660 3982 a
678 3921 780 3984 Latio
803 3919 931 3984 dictum
952 3932 1015 3985 est:
1048 3940 1131 4006 quae
1152 3922 1280 3986 locutio
1300 3919 1383 3987 adeo
1405 3930 1455 3986 est
1475 3940 1584 4001 versa,
1610 3933 1650 3986 ut
1668 3923 1728 3987 vix
1748 3921 1820 3986 ulla
1841 3920 1913 4001 ejus

189 4061 283 4125 »pars
304 4048 434 4103 maneat
454 4041 489 4100 in
509 4041 694 4115 notitiam«
1156 4100 1166 4111 ,

348 4159 379 4224 6:
424 4154 550 4239 Quodsi
572 4155 751 4219 {imbricus
771 4174 883 4221 sermo
910 4157 1035 4219 similes
1056 4160 1128 4220 fare
1148 4159 1397 4223 immutationes
1416 4168 1571 4244 expertus
1591 4167 1652 4237 est,
1673 4155 1913 4239 quidmirum,

185 4274 275 4361 quod
294 4293 315 4337 a
333 4276 471 4351 Latino,
504 4293 602 4357 quam
621 4293 683 4336 nos
703 4271 885 4337 etiamnum
904 4277 1076 4354 novimus,
1106 4261 1192 4339 ¹adeo
1219 4273 1401 4361 discrepet,
1432 4285 1473 4342 ut
1492 4276 1548 4340 vel
1578 4274 1706 4339 summa
1732 4277 1913 4363 sagacitate

186 4391 355 4458 interdum
376 4394 528 4476 exputari
548 4400 691 4475 nequeat
710 4391 894 4456 verborum
922 4413 1051 4473 sensus,
1082 4395 1279 4477 praesertim
1306 4413 1408 4476 quum
1428 4394 1587 4481 Iguvinae
1612 4394 1850 4477 inscriptiones
1870 4389 1913 4456 ad

186 4531 240 4576 res
259 4531 370 4576 sacras
389 4513 590 4595 pertineant,
611 4529 695 4593 quae
715 4517 854 4594 propter
873 4512 1010 4575 amissos
1031 4529 1144 4575 omnes
1153 4511 1378 4575 Romanorum
1398 4511 1503 4576 libros
1519 4512 1656 4577 rituales
1673 4510 1773 4576 valde
1794 4511 1912 4579 obscu-

188 4648 246 4692 rae
265 4639 352 4708 sunt,
373 4647 480 4712 nequa
501 4648 541 4692 ex
563 4628 796 4692 ecclesiasticis
818 4625 1049 4713 scriptoribus,
1072 4631 1131 4713 qui
1150 4633 1299 4716 gentium
1319 4629 1500 4718 religiones
1519 4633 1753 4710 meminerunt,
1774 4627 1914 4694 Tertul-

187 4747 290 4824 liano,
309 4744 471 4825 Arnobio,
492 4746 680 4820 Lactantio,
701 4743 888 4832 Augustino
909 4754 944 4809 et
954 4745 1177 4831 Hieronymo,
1198 4750 1276 4812 satis
1297 4748 1382 4812 lucis
1401 4751 1586 4834 accipiunt:
1608 4751 1645 4812 in
1665 4749 1786 4833 quibm
1805 4750 1913 4813 inten-

187 4860 357 4948 precandis
376 4872 558 4949 praeterea,
582 4871 623 4926 ut
640 4860 832 4946 Symmachi
841 4863 945 4949 Epist.
957 4865 1019 4955 111,
1030 4867 1081 4935 dd.
1093 4865 1205 4936 verbis
1223 4877 1312 4948 utar,
1332 4884 1463 4933 necessa
1483 4877 1544 4948 est,
1564 4876 1604 4934 ut
1623 4869 1661 4937 in
1675 4866 1781 4932 verba
1800 4867 1914 4953 prisca
