4244 5722
147 744 205 809 ubi
223 732 334 809 elder
351 743 499 843 alchu
515 743 690 826 mteoedit,
712 743 985 831 quemadmodum
1003 745 1068 829 1v,
1079 767 1109 827 a,
1123 750 1172 816 tt.
1192 746 1303 813 statim
1322 757 1398 834 post
1415 763 1497 812 uase
1516 762 1612 828 μενος
1630 738 1851 833 &apostatasse
1897 711 1899 716 7
2001 720 2005 735 ⁴
2060 723 2064 738 ⁸

146 862 270 950 legitur
288 883 408 947 assues
426 862 504 954 aad
524 878 642 948 ocupa,
663 874 697 929 et
706 863 769 944 v1,
781 885 810 944 a,
823 866 873 932 53.
885 867 936 929 bis
957 875 1030 930 etur
1048 865 1183 946 stolus,
1202 886 1257 933 eso
1276 864 1492 930 eturatolmu.
1519 860 1851 941 E(le)tsrsto(lc)ms
1985 878 1987 883 ⁴

144 980 330 1066 significare
349 977 494 1065 adnepos
513 1003 538 1047 s.
560 982 684 1056 murdac
701 968 832 1061 Ισιασο,
857 983 924 1063 jum
952 985 988 1047 in
1014 987 1188 1070 superiore
1214 983 1377 1069 particula
1403 985 1434 1069 9.
1456 986 1505 1051 19.
1535 983 1667 1060 monuit
1694 978 1752 1044 sed
1771 976 1851 1065 quid

144 1097 266 1161 horum
275 1100 455 1191 verborum
474 1103 631 1184 repetitio
650 1099 714 1163 sibi
725 1101 818 1181 velit,
830 1098 897 1165 dici
906 1102 965 1165 rix
980 1113 1099 1188 potest,
1113 1105 1179 1166 uisi
1188 1102 1290 1166 verbs
1296 1104 1350 1183 pis
1370 1111 1419 1167 est
1442 1110 1529 1164 lotor
1541 1098 1730 1164 Torsinoter
1741 1097 1852 1180 tritor,

146 1212 345 1297 Torsinoter,
359 1215 392 1280 Τ
387 1237 490 1300 sacer,
506 1217 684 1299 Naharcer,
695 1217 859 1285 chssacer
877 1239 1015 1299 somer,
1028 1237 1091 1306 pro
1111 1223 1183 1306 ipso
1203 1221 1550 1306 paeaneaccipiautur.
1572 1215 1853 1301 Quemadmodum

145 1334 275 1397 enimv.
287 1337 337 1402 57.
349 1344 424 1398 aute
444 1355 557 1421 preces
576 1337 780 1425 legimuseso
797 1340 1003 1419 peraninttono
1025 1338 1243 1413 coaeternum
1258 1336 1318 1402 lsoc
1334 1341 1534 1420 precmninor
1555 1356 1621 1401 non
1641 1319 1793 1456 silentio:¹
1805 1336 1853 1397 sic

123 1463 218 1516 aute
239 1473 392 1538 paeanem
413 1455 512 1518 illurn
531 1459 692 1541 scriptum
713 1467 762 1522 est
782 1476 835 1522 eso
854 1467 926 1523 etos·
945 1457 1079 1538 siclus,
1100 1459 1193 1542 quasi
1213 1455 1407 1521 etsrstodaas
1415 1457 1555 1520 verbum
1571 1457 1616 1519 sit
1625 1456 1852 1540 compositum.

143 1570 181 1633 ln
202 1582 318 1654 quarta
338 1573 461 1653 tabula,
482 1576 613 1658 paeonis
632 1575 744 1639 verbis
763 1578 904 1656 omissis,
923 1579 1085 1663 scriptum
1105 1573 1243 1665 esteacg‘s
1262 1595 1369 1658 ocupa
1388 1595 1471 1639 aare
1483 1570 1639 1661 Taparura
1650 1569 1752 1663 cdspa
1771 1580 1853 1651 θοις

144 1691 179 1749 iu
200 1699 292 1751 sexta
311 1707 393 1752 vero
413 1691 527 1754 tabula
546 1695 663 1777 paeani
682 1692 904 1772 subjiciuntur
924 1694 1026 1758 verbs
1044 1694 1132 1776 feto,
1162 1693 1255 1767 elesa
1272 1694 1371 1777 poplo
1391 1712 1487 1757 nosse
1508 1694 1575 1770 ier,
1595 1690 1650 1754 else
1670 1710 1725 1755 ess
1743 1690 1851 1774 poplo.

144 1804 183 1866 Iu
203 1805 255 1867 his
275 1804 357 1882 cl(e)
378 1828 434 1872 eso
450 1808 550 1890 poplo
569 1809 620 1871 bis
640 1812 784 1893 positum
805 1821 854 1875 set
872 1831 936 1897 pro
950 1798 1024 1877 'sinc
1042 1815 1077 1877 in
1097 1811 1172 1886 doc,
1202 1816 1270 1878 siue
1296 1814 1331 1877 ἐκ
1360 1810 1418 1876 illo
1443 1809 1576 1892 populo:
1601 1817 1658 1881 ,est
1686 1810 1774 1870 enim
1799 1806 1855 1871 ele

144 1920 271 1986 Graeca
291 1926 481 2005 coniunctio
502 1925 551 2011 ἠέ,
572 1937 610 1991 ut
630 1946 724 1993 nosse
743 1925 907 1991 Graecum
928 1928 1121 1993 adverbium
1140 1926 1252 2015 adopt,
1273 1938 1308 1993 et
1327 1931 1375 1993 ier
1388 1926 1534 1991 Graecus
1554 1926 1780 2004 subjunctivus
1789 1917 1854 2011 ἴῃς.

144 2041 212 2104 Etsi
233 2040 313 2105 haec
332 2044 434 2106 verba
454 2043 589 2108 Graecis
609 2045 733 2109 similia
751 2055 840 2125 suut,
861 2049 1031 2129 sequentia
1050 2056 1159 2111 tamen
1180 2050 1271 2128 aspir
1289 2045 1371 2110 tate
1390 2065 1452 2132 pro
1464 2045 1585 2121 oFamc
1598 2044 1682 2125 lulla
1702 2041 1856 2122 1v‚s‚18.

143 2159 272 2222 Latinis
291 2162 405 2244 siquis
424 2160 521 2226 lubet
540 2165 645 2249 magis
666 2160 875 2247 respondent.
920 2160 1092 2244 Quomodo
1113 2182 1192 2227 estne
1209 2165 1304 2244 pople
1324 2161 1554 2246 explicandum
1573 2164 1628 2240 sit,
1649 2151 1771 2240 nescio,
1792 2161 1857 2223 nisi

144 2296 206 2361 pro
226 2281 334 2341 crisme
350 2279 464 2361 poples
484 2278 515 2345 h.
539 2299 567 2342 e.
589 2282 625 2346 in
645 2278 713 2344 illis
726 2279 862 2361 ,populis
880 2281 1042 2365 scriptum
1062 2282 1214 2365 accipere
1239 2268 1333 2344 velis.
1377 2279 1469 2363 Quae
1496 2288 1697 2364 sequuntur,
1729 2279 1794 2356 iam
1821 2279 1857 2338 in

143 2397 327 2479 superiore,
350 2395 623 2480 quemadmodum
642 2416 757 2483 proces
776 2399 813 2461 in
832 2407 950 2480 quarta
970 2398 1147 2482 particula,
1168 2397 1332 2461 illustrata
1351 2407 1447 2478 suut3
1472 2396 1545 2461 solu
1563 2416 1630 2461 vox
1651 2405 1774 2460 emetur
1793 2395 1856 2474 Vl,

144 2515 235 2592 a‚57.
265 2514 483 2598 explicatione
508 2513 648 2598 quadam
679 2512 816 2602 indiget.
858 2512 979 2578 Eadem
1006 2534 1072 2579 vox
1097 2515 1457 2603 V11,a‚46.tegitur‚
1488 2514 1547 2577 ubl
1576 2516 1711 2577 inverso
1741 2509 1858 2576 ordine

127 2632 305 2714 ¹scriptum
325 2642 374 2695 eat
394 2652 447 2695 eso
468 2620 591 2696 tacetur
615 2630 871 2712 perstitissem,
901 2634 988 2693 sicut
1016 2631 1155 2709 1v‚t‚o
1174 2652 1220 2714 sq.
1247 2633 1359 2712 nasta
1379 2651 1486 2717 aucep
1505 2650 1664 2712 acosma,
1695 2641 1731 2696 st
1750 2629 1813 2710 vt,
1824 2630 1857 2708 b,

143 2751 185 2811 55
205 2769 249 2828 sq.
275 2759 360 2812 tosta
377 2751 536 2829 persciens
557 2767 659 2812 senon
680 2757 851 2811 exaratum
870 2746 1031 2815 videmus.
1072 2750 1119 2811 Ex
1142 2749 1225 2811 locis
1245 2752 1318 2813 istis
1339 2751 1427 2812 iuter
1446 2768 1482 2811 se
1495 2750 1694 2832 comparatis
1713 2749 1858 2833 primum

144 2862 356 2951 intelligitur,
379 2875 502 2931 teretur
522 2886 597 2929 cum
617 2868 815 2950 imperativo
828 2866 968 2950 pluralis
988 2867 1119 2929 numeri
1128 2866 1395 2947 perani(lr)msmo
1405 2868 1564 2946 construi,
1585 2862 1858 2949 quemadmodum

146 2989 230 3044 lases
250 3002 275 3044 s.
300 2991 407 3047 tacens
427 3002 503 3046 cum
523 2983 686 3072 singulari
704 2985 877 3065 persuasum
899 2980 1017 3046 deinde
1039 2992 1160 3047 tosetsr
1180 3004 1284 3067 neque
1304 3003 1367 3068 pro
1382 2992 1519 3062 tacetur,
1531 3002 1645 3065 meque
1664 3001 1727 3068 pro
1740 2985 1860 3048 tacitos

144 3102 305 3183 scriptum
325 3103 433 3186 accipi
453 3120 565 3185 posse,
593 3098 667 3178 sed,
695 3102 781 3164 sicut
801 3120 921 3179 swam,
953 3102 989 3161 iu
1010 3101 1154 3164 ablativo
1178 3120 1254 3162 casu
1274 3120 1341 3164 esse
1362 3102 1506 3184 positum
1526 3119 1589 3185 pro
1612 3103 1753 3165 tacituro
1772 3098 1805 3162 lr.
1829 3119 1857 3163 c.

144 3216 271 3283 silenico
291 3239 316 3280 s
337 3240 397 3302 per
418 3222 593 3285 tacitum.

307 3334 359 3404 26.
400 3338 538 3400 Etiam
527 3358 562 3399 ιιι
590 3339 649 3414 iis,
682 3356 764 3420 quae
789 3339 825 3399 iu
857 3338 921 3400 line
942 3344 1053 3399 sextae
1074 3346 1172 3419 atque
1193 3337 1291 3398 initio
1312 3336 1468 3420 septimae
1489 3333 1620 3398 tabulae
1640 3338 1729 3399 inter
1748 3355 1860 3422 preces

144 3456 268 3539 scripta
288 3454 455 3542 leguntur,
477 3456 609 3519 nonnisi
629 3473 735 3540 pauca
754 3456 858 3519 verba
879 3450 1073 3539 explicanda
1092 3451 1199 3516 adhuc
1221 3464 1356 3532 restant,
1380 3473 1522 3537 quorum
1542 3451 1742 3516 difficillima
1761 3455 1860 3517 iutel-

144 3572 235 3636 lectu
258 3581 334 3635 sunt
358 3574 516 3638 dersicust
542 3582 577 3636 et
605 3572 802 3637 detricarent
823 3572 978 3653 V1‚a‚tt
997 3593 1045 3655 sq
1089 3570 1171 3653 Quis
1200 3571 1306 3648 enim,
1338 3571 1367 3632 si
1393 3568 1613 3658 πζιυσικερεντ
1633 3570 1693 3650 ΙΙΙ,
1705 3591 1735 3650 a,
1747 3572 1798 3638 26.
1809 3573 1859 3645 28

145 3689 242 3776 legat,
263 3691 366 3753 verba
385 3712 446 3773 ape
465 3700 531 3755 estc
551 3691 747 3756 derricercnt
767 3711 832 3753 non
853 3688 1010 3754 vertenda
1029 3698 1134 3774 putet,
1153 3699 1319 3772 postquam
1340 3702 1416 3752 exto
1436 3687 1668 3753 dissecuerint!
1693 3687 1736 3751 At
1756 3691 1785 3750 si
1807 3707 1860 3751 re·

144 3817 311 3910 putamus,
342 3811 405 3872 ista
432 3818 506 3894 post
533 3826 647 3893 preces
673 3811 773 3871 iactas
802 3809 888 3896 legi,
919 3808 1005 3870 sicut
1032 3816 1106 3892 post
1133 3809 1369 3891 imperativum
1388 3806 1477 3869 deitas
1498 3814 1588 3869 etoto
1608 3807 1754 3886 Ijooinw
1773 3805 1806 3869 h.
1827 3824 1857 3868 e.

144 3924 244 3989 dicito
262 3944 409 4006 paeonem
430 3929 463 3990 iu
474 3928 627 4009 Iguuinos
649 3926 748 3989 verba
769 3946 829 4008 ape
849 3937 915 3990 estc
935 3926 1102 3998 dersicost,
1123 3926 1262 3990 verbum
1283 3926 1406 3989 dersico
1427 3944 1490 3986 nou
1508 3943 1610 3987 aseco
1631 3925 1860 4008 compositum,

142 4039 199 4104 sed
220 4042 260 4104 ab
281 4041 445 4122 adjectivo
465 4044 538 4124 illo,
560 4046 653 4124 cujus
674 4045 815 4128 pluralis
834 4046 981 4109 dersecor
1001 4047 1036 4107 iu
1057 4044 1209 4128 precibus
1230 4043 1366 4131 legitur,
1387 4039 1575 4105 derivatum
1596 4041 1860 4124 essentqucsttb·

141 4163 237 4225 missa
258 4182 333 4225 noce
350 4164 478 4243 precari
498 4182 523 4223 s.
545 4161 726 4244 supplicare
746 4160 943 4226 vertendum
962 4160 1197 4248 intelligemus.
1251 4157 1331 4224 Este
1351 4161 1457 4246 igitur
1478 4169 1528 4223 est
1553 4169 1708 4221 neutrum
1729 4158 1860 4244 plurale

141 4281 345 4362 pronominis
377 4282 456 4357 iste,
487 4289 585 4364 atque
614 4280 755 4364 pluralis
787 4280 986 4345 dersictsrent
1016 4276 1059 4341 ad
1084 4279 1320 4363 imperativum
1340 4277 1482 4362 pluralis
1502 4278 1634 4339 numeri
1653 4278 1860 4362 peranimamo

142 4395 321 4476 v1,a‚57.‚
355 4400 443 4460 sicut
468 4397 647 4484 singularis
684 4398 842 4462 dereicast·
868 4397 910 4461 ed
936 4398 1170 4482 imperativum
1198 4395 1376 4484 singularis
1404 4396 1536 4458 numeri
1563 4396 1650 4458 deitas
1672 4394 1734 4472 VI,
1752 4397 1857 4474 aaa,

82 4603 85 4607 ¹
141 4516 290 4600 respicit:
314 4514 401 4579 uude
421 4526 585 4580 revortere
603 4535 737 4599 quoquc
759 4527 793 4580 et
813 4515 941 4596 denseo,
963 4518 1041 4600 quia
1061 4516 1142 4579 llaec
1162 4515 1264 4578 verba
1284 4512 1325 4576 ad
1347 4514 1511 4598 pluralem
1526 4511 1744 4576 antretstov.
1757 4514 1857 4595 disq.

142 4636 338 4719 respiciunt,
366 4637 401 4695 iu
422 4635 546 4720 plurali
567 4652 705 4697 numero
727 4636 832 4719 posita
853 4643 944 4718 puto.
987 4630 1178 4696 Notandum
1198 4641 1323 4711 tamen,
1351 4629 1440 4713 quod
1459 4633 1549 4695 iuter
1570 4641 1621 4695 tot
1640 4631 1777 4717 pluralis
1797 4651 1859 4692 nu·

140 4753 225 4814 meri
245 4752 348 4815 verba
368 4752 457 4816 deiru
476 4771 606 4836 semper
626 4753 661 4814 iu
681 4752 847 4840 singulari
863 4769 1003 4815 numero
1030 4752 1192 4834 seriptum
1212 4753 1265 4815 sit.
1308 4749 1485 4812 Praeterea
1504 4747 1593 4832 quod
1612 4751 1649 4812 iu
1671 4760 1788 4833 quarta
1810 4758 1858 4811 ta·

141 4868 219 4933 bula
238 4870 348 4933 verbis
364 4868 522 4958 spasanad
543 4867 733 4955 candales,
754 4866 908 4955 sossensi
927 4887 1080 4952 πισνιμε,
1100 4864 1254 4957 adstante
1274 4888 1373 4934 erute
1388 4869 1562 4946 lecheae,-
1576 4867 1609 4932 lr.
1622 4889 1650 4932 e.
1663 4878 1712 4932 ter
1722 4875 1858 4932 meraclo

1567 5098 1570 5109 ,
1614 5038 1634 5098 l
