4244 5722
864 653 1072 731 ..21-

106 819 324 910 religionibus
355 815 542 883 domesticis
573 837 648 904 pag.
670 821 762 898 dd,
781 815 871 890 unde
892 816 1089 885 cremeas
1115 794 1182 887 sus
1202 817 1355 885 -bausisse
1385 815 1521 884 videtur
1552 816 1590 878 in
1620 814 1832 897 antiquorum

105 939 307 1027 populorum
337 937 544 1025 mythologie
564 935 606 998 T.
628 936 672 999 11.
694 956 768 1024 pag.
790 940 852 1004 962
873 957 961 1020 sqq„
992 939 1028 998 in
1048 935 1199 1024 Iguvinis
1220 938 1360 1016 tabulis,
1390 936 1576 999 Passerinm
1596 939 1759 1030 secutus,
1776 927 1833 1017 da·

103 1053 315 1143 prehendisse
336 1076 372 1120 se
405 1057 510 1119 fassus
541 1064 606 1133 est,
637 1052 815 1131 Seritu,
836 1029 1340 1154 Sa'ta{,·Sepses‚.4Arsite,
1370 1054 1528 1131 -Vonse,
1559 1051 1681 1127 Avia,
1714 1047 1832 1132 quibus

104 1175 255 1238 omnibus
282 1174 389 1239 tutela
413 1191 572 1262 agrorum
598 1171 808 1249 incubuerit,
832 1183 878 1236 et
891 1169 1239 1253 Akernnianss'sn‚
1270 1191 1370 1256 quem
1389 1170 1565 1236 Plutonem
1593 1165 1832 1231 desuuctorem

102 1292 359 1376 interpretatur,
381 1290 411 1351 si
429 1307 450 1351 a
471 1289 567 1355 Sala
585 1308 611 1352 e.
633 1286 777 1376 segetia
786 1286 1005 1370 discessum,
1015 1291 1104 1353 nulli
1119 1293 1259 1357 omnino
1280 1299 1373 1353 sunt

267 1412 320 1475 31.
350 1406 528 1492 Perperam
548 1405 639 1503 idem
658 1404 820 1486 credidit,
842 1405 1019 1485 Umbros
1003 1427 1056 1469 m
1051 1405 1214 1472 deosum
1223 1407 1316 1471 eultu
1336 1426 1375 1469 ao
1393 1403 1612 1493 religionibus
1631 1399 1833 1465 omniafere

104 1546 181 1589 cum
201 1525 348 1588 Etruscis
380 1528 567 1589 communia
595 1499 786 1589 habuisset.
793 1544 847 1589 ne
876 1527 985 1604 enirn,
1015 1528 1116 1608 quia
1114 1510 1266 1589 obscm
1296 1533 1372 1589 sunt
1403 1523 1509 1594 multa
1538 1520 1679 1585 deorum
1698 1518 1834 1583 nomina

104 1653 203 1726 atque
235 1641 358 1709 absona
388 1642 429 1706 ab
448 1641 548 1722 illis,
578 1641 698 1726 quibm
719 1643 945 1735 Rornanorum
974 1645 1113 1707 numina
1142 1644 1244 1731 vulgo
1276 1639 1496 1718 colebantur,
1528 1639 1625 1725 plane
1657 1635 1833 1701 dissimiles

104 1771 256 1845 putemus
287 1760 468 1847 religiones
498 1759 691 1840 Umbricas,
732 1763 999 1839 meninerimus,
1031 1760 1186 1848 Iguuinos
1216 1759 1345 1822 tabulas
1376 1757 1419 1822 sd
1449 1758 1661 1822 lustrationes
1691 1755 1833 1816 maxime

104 1885 270 1960 spectare,
302 1877 339 1937 in
370 1875 490 1958 quibus
520 1873 610 1959 apud
629 1876 792 1939 Romanos
811 1893 890 1941 ‘non
919 1879 1029 1940 minus
1060 1880 1234 1940 inusitata.
1249 1874 1397 1941 deornm
1418 1878 1554 1939 nomina
1580 1874 1746 1960 leguntur.
1789 1867 1834 1931 Ut

104 2003 232 2056 taceam
262 1990 302 2055 de
333 1993 471 2074 infinitis
503 1990 643 2057 deorum
672 1993 882 2073 nominibus,
921 1994 1040 2076 quibus
1065 1992 1254 2074 ›Amobius,
1289 1993 1494 2081 Augustinus
1515 1990 1552 2056 G.
1573 1987 1701 2067 DslV,
1722 1987 1832 2066 Ssqq·
1874 2071 1877 2078 Ι

103 2110 230 2192 aliique
255 2112 436 2195 scriptores
456 2111 674 2184 ecclesiastici
692 2109 855 2189 irrident,
874 2110 951 2172 -hoc
972 2121 1101 2174 tantum
1114 2115 1309 2196 proferam,
1338 2109 1428 2195 qnod
1447 2108 1586 2174 Servius
1607 2107 1650 2170 sd
1668 2105 1768 2191 Virg.
1792 2101 1830 2165 G.

102 2226 131 2306 1,
152 2226 204 2292 21.
226 2230 414 2291 annotavit:
438 2228 580 2308 „Fabius
601 2227 715 2290 Pictor
735 2226 796 2290 hos
817 2225 896 2290 deos
917 2237 1107 2306 enumerat,
1139 2246 1221 2310 quos
1241 2230 1376 2291 invocat
1394 2230 1532 2306 damen,
1553 2245 1684 2289 sacrum
1696 2220 1833 2285 Cereale
1887 2222 1890 2228 “

104 2344 228 2407 faciens
249 2343 383 2409 Telluri
404 2353 438 2407 st
457 2340 592 2408 Cereri:
614 2343 876 2423 Vervactorom,
898 2343 1152 2430 Repsretorens,
1179 2328 1450 2431 Imporoitorem',
1478 2345 1674 2422 Insitorem,
1709 2339 1832 2403 Obare-

105 2456 715 2540 torem,‘Occaborcm,Sar1itbrem,
736 2459 1073 2541 Subruncinatorem,
1093 2462 1296 2543 Messorem,
1325 2462 1583 2540 Convertorem,
1606 2457 1832 2533 Conditorem,

103 2575 373 2639 Promitorem:“
405 2595 489 2659 quae
519 2573 654 2657 quidem
685 2577 886 2664 cognomina
914 2580 1026 2660 potius
1060 2582 1157 2641 unius
1189 2579 1262 2661 dci,
1301 2602 1400 2664 quam
1430 2583 1581 2665 plurium
1611 2576 1831 2652 diversorum,

104 2695 206 2756 inisse
237 2703 329 2757 recte
361 2702 472 2756 conset
491 2691 781 2779 spangenbergius
811 2693 836 2753 l.
858 2692 884 2756 l.
904 2712 978 2780 pag.
1002 2695 1052 2759 76.
1106 2692 1151 2757 At
1180 2697 1217 2759 in
1240 2693 1332 2761 Actis
1351 2699 1506 2761 Fratrum
1524 2695 1717 2771 Arvalium,
1750 2682 1833 2772 quse

104 2808 391 2897 spangenbergins
421 2806 569 2873 nondum
600 2817 759 2890 noverat,
792 2808 941 2875 divorum
974 2812 1051 2876 deos
1080 2811 1199 2890 habes,
1232 2836 1333 2898 quum
1365 2818 1520 2880 victimae
1546 2816 1661 2877 variae
1682 2814 1833 2874 ferantur

102 2927 187 2990 Jano
209 2926 319 3006 Patri,
338 2927 435 3006 Jovi,
458 2926 581 3008 Marti,
599 2928 727 2991 Junoni
747 2925 828 2990 deae
849 2927 951 3007 Diae,
973 2932 1045 2993 sive
1065 2928 1128 2994 deo
1143 2934 1219 2996 sive
1241 2933 1337 3013 deae,
1364 2934 1553 3023 virginibus
1574 2931 1678 3011 divis,
1700 2929 1832 2992 famulis

103 3041 208 3121 divis,
240 3042 401 3122 Laribus,
433 3045 535 3107 matri
557 3045 703 3124 Larum,
735 3045 849 3123 Fonti,
879 3045 1014 3126 Florae,
1045 3048 1185 3129 Vestae,
1217 3050 1340 3116 Vestae
1360 3056 1478 3130 matri,
1509 3044 1830 3123 etiamddolendae,

104 3158 376 3240 Commolendae,
409 3159 636 3243 Deferundae,
670 3160 912 3247 Coinqueudae.
967 3163 1076 3226 dddas
1097 3165 1149 3228 bis
1169 3188 1188 3229 e
1209 3165 1319 3231 Gellio
1346 3167 1441 3244 XIII,
1462 3173 1513 3234 22.
1546 3171 1654 3232 Luam
1682 3165 1830 3240 Saturni,

102 3275 267 3342 Salaciam
287 3276 453 3364 Neptuni,
485 3279 614 3343 Horam
646 3279 800 3361 Quirini,
832 3281 959 3346 Jusitee
987 3281 1138 3362 Quirini,
1171 3284 1298 3365 Majam
1328 3286 1489 3366 Volcani,
1520 3287 1659 3349 Heriem
1680 3284 1831 3361 Junonis,

102 3394 212 3458 Molas
233 3396 374 3476 Martis,
406 3395 587 3459 Nerienem
607 3395 738 3460 Martis.
795 3398 904 3480 Quum
925 3418 1006 3462 vero
1033 3421 1074 3462 ex
1094 3403 1155 3481 iis,
1188 3422 1271 3485 quae
1293 3402 1421 3467 Gellius
1442 3407 1555 3484 affert,
1587 3412 1758 3489 appareat,
1791 3420 1831 3461 ne

103 3510 258 3574 Romanis
279 3510 411 3596 quidem
432 3523 641 3599 compertum
662 3517 782 3595 fuisse,
804 3514 969 3597 quomodo
990 3514 1147 3581 Nerienis
1167 3541 1287 3585 nomen
1307 3522 1604 3608 pronuntiandum,
1635 3517 1831 3583 flectendum

102 3637 202 3712 atquc
234 3629 519 3718 interpretandum
550 3635 611 3713 sit,
642 3652 740 3697 nemo
771 3651 824 3699 me
854 3631 1041 3724 doctiorem
1069 3657 1139 3701 esse
1170 3641 1254 3704 velit
1284 3644 1319 3702 in
1352 3641 1553 3727 explicandis
1573 3641 1739 3704 Umbricis
1771 3658 1830 3701 no-

102 3747 256 3812 minibus.
1268 3767 1271 3770 ’
