4244 5722
984 586 1229 651 ..20-

271 751 331 822 Pr.
352 770 430 819 snos
446 748 637 833 praefecto,
657 748 727 833 ped
741 757 820 832 post
839 766 920 814 erec
938 747 1074 817 Brasos
1097 748 1183 831 test,

271 871 380 937 Porro
387 874 418 936 si
425 871 668 957 praetenderit,
679 866 771 954 qnod
784 868 923 954 posthac
936 869 1076 934 Bautica
1084 869 1201 946 merit,

269 1011 348 1059 aeos
371 992 428 1074 pis
455 1009 497 1072 ep
518 988 617 1054 eineis
637 1006 705 1051 com
726 987 924 1053 utrediucnd
1118 1005 1208 1050 ocem
1229 984 1348 1067 herem

272 1111 304 1177 si
366 1110 442 1196 quis
454 1107 499 1171 ob
519 1105 603 1170 haec
630 1125 709 1170 cum
723 1100 1221 1193 iraudulentofflominc)agere
1234 1105 1339 1187 volet,

273 1229 344 1295 orti
390 1247 456 1312 pm
485 1225 670 1293 medicoted
698 1226 940 1306 mmmmm
960 1227 1114 1289 sizazm
1135 1243 1306 1309 egmossre,

273 1357 373 1432 atque
393 1362 457 1432 pro
478 1353 692 1429 compensato
713 1344 921 1427 mancipium
982 1339 1075 1407 idem
1136 1344 1327 1426 exquirere,

271 1485 334 1548 pos
376 1465 526 1530 armasse
548 1463 628 1549 ligia
648 1462 789 1544 ecriftos
808 1471 871 1543 set,
892 1479 953 1544 nep
972 1459 1038 1527 tin
1055 1461 1216 1545 prettptd
1234 1463 1315 1527 arde
1458 1461 1594 1531 siralais
1613 1461 1663 1531 X,
1682 1467 1841 1538 smmis.
1966 1488 1976 1499 ·

273 1585 371 1665 cujus
391 1602 433 1647 ex
452 1581 528 1645 istis
548 1581 634 1667 legis
654 1582 801 1666 scriptae
822 1582 880 1659 eit,
901 1596 1052 1645 neceum
1063 1562 1195 1666 adpetat
1216 1579 1604 1668 magis(quam)jndiciis
1623 1578 1667 1648 X.
1686 1590 1899 1657 continuatis.

273 1700 363 1771 Suae
380 1704 436 1786 pis
456 1700 597 1766 contrad
616 1701 705 1765 exeic
720 1698 910 1783 prudipust,
930 1698 1030 1764 molto
1050 1700 1160 1764 erasto
1181 1697 1277 1764 estad
1295 1717 1328 1765 ss.
1353 1704 1397 1767 ω.

272 1817 313 1887 Si
355 1823 431 1906 quis
450 1828 570 1884 contra
588 1820 701 1884 inisto
722 1820 914 1903 repetierit,
934 1817 1042 1881 multa
1063 1817 1150 1896 insta
1181 1826 1253 1882 esto
1284 1837 1319 1886 u.
1340 1814 1390 1885 Μ.

274 1941 311 2006 in
330 1960 407 2006 snae
424 1942 480 2022 pis
501 1940 577 2005 ione
647 1937 769 2002 meddin
838 1936 989 2001 molinam
1009 1934 1129 2015 hereat,
1150 1935 1290 2000 licitasdr

275 2069 311 2124 et
351 2059 382 2121 si
412 2059 488 2140 quis
509 2076 588 2120 eum
610 2058 827 2143 magistratus
846 2055 993 2119 multare
1012 2053 1119 2131 volat,
1144 2053 1271 2117 licetoz

273 2185 397 2260 aripert
437 2176 579 2242 mistreis
620 2175 719 2239 olteis
739 2175 847 2239 situas
876 2173 994 2238 notas
1023 2170 1320 2239 matematicos.

273 2314 430 2360 unacum
439 2296 609 2376 magistris
629 2292 709 2351 altis
729 2286 857 2351 sororii
876 2283 1006 2371 multae
1025 2282 1174 2347 multare
1195 2281 1307 2347 liceto.

513 2490 634 2582 Pare
662 2488 738 2579 II.
802 2486 991 2608 Capuae
1021 2481 1351 2605 Messonoepue
1378 2491 1707 2608 coemptiones.

400 2644 428 2708 lt
450 2641 567 2728 Capua
586 2650 622 2705 et
642 2640 798 2706 Messana
818 2647 955 2723 praeter
975 2636 1256 2720 nummos,'·quos,
1277 2636 1357 2717 quia
1375 2638 1456 2700 satis
1477 2640 1551 2704 noti
1570 2651 1659 2723 sunt,
1679 2642 1814 2710 silentio
1835 2658 1992 2732 prseter-

237 2763 364 2832 aundos
390 2781 520 2842 censeo,
553 2759 701 2849 singulas
727 2754 828 2822 modo
856 2756 1097 2838 inscriptiones
1118 2755 1299 2838 quinorum
1320 2773 1480 2819 versuum
1501 2757 1657 2823 brevium
1684 2772 1719 2827 et
1744 2762 1894 2844 ejusdem
1915 2769 1990 2832 iare

236 2884 428 2976 argumenti
448 2880 619 2957 habemus,
646 2897 790 2963 quarum
809 2876 919 2939 altera
940 2874 1048 2955 Oscis,
1071 2871 1179 2935 altere
1200 2870 1339 2935 Graecis
1359 2872 1471 2937 literis
1491 2886 1627 2941 exarata
1646 2888 1706 2946 est.
1749 2880 1850 2946 Quas
1871 2882 1990 2949 literas

174 2975 176 2981 Ι
237 3005 328 3069 inter
348 2999 525 3089 alphabeta
546 2993 710 3061 secundae
731 2992 867 3059 tabulae
888 2991 1064 3055 recensuit
1086 2999 1227 3076 propter
1247 2991 1361 3059 varias
1380 2999 1494 3065 tamon
1514 3012 1629 3062 mm„
1648 3014 1718 3065 m
1737 3000 1788 3067 ip.
1807 3001 1918 3067 pacm,
1937 3012 1988 3069 m
2040 3004 2053 3021 ·

237 3124 413 3206 utriusque
432 3116 664 3203 inscriptionis
684 3110 933 3197 interpretatio.

645 3336 682 3411 1.
736 3331 937 3440 Campano
960 3332 1162 3439 inscriptio
1183 3356 1209 3419 ,e
1234 3330 1384 3439 Copae.
1435 3337 1529 3415 'sab.
1556 3336 1586 3412 1.
1899 3418 1904 3425 ,

406 3470 574 3557 Campana
594 3470 772 3555 inscriptio
794 3487 855 3554 per
877 3486 991 3531 ornnes
1011 3487 1131 3534 versus
1151 3464 1234 3533 adeo
1255 3468 1413 3535 mutilata
1433 3479 1494 3549 est,
1523 3479 1563 3534 ut
1582 3466 1661 3535 inde
1680 3489 1812 3537 summe
1830 3482 1992 3543 nascatur

239 3588 488 3677 interpretandi
506 3587 709 3654 difficultas:
731 3591 866 3675 integra
893 3596 1006 3651 umen
1032 3587 1072 3652 fit
1097 3588 1275 3668 sententia,
1305 3589 1337 3650 si
1361 3606 1420 3652 eae
1446 3588 1666 3673 suppleantur
1686 3590 1817 3673 literae,
1848 3612 1931 3676 quas
1951 3594 1993 3657 in

239 3712 356 3778 tabula
377 3708 403 3771 l.
427 3710 561 3795 punctis
580 3709 706 3774 notavi.
748 3705 886 3771 Praeter
905 3706 1020 3771 literas
1040 3705 1173 3790 aliquot
1201 3706 1237 3768 in
1258 3705 1369 3769 tribus
1389 3708 1547 3771 extremis
1567 3708 1721 3776 versibus
1740 3706 1832 3775 deest
1852 3709 1993 3794 quidam

240 3830 318 3896 finis
337 3829 444 3915 primi
463 3824 667 3911 secundique
688 3845 824 3906 versus,
846 3827 875 3889 is
895 3844 980 3891 vero
1000 3826 1117 3912 paucis
1137 3825 1247 3888 literis
1267 3823 1454 3910 suppletur,
1474 3827 1505 3889 si
1525 3824 1615 3888 nihil
1636 3824 1728 3892 deest
1748 3830 1785 3891 in
1803 3829 1871 3892 line
1891 3831 1994 3897 tertii

240 3949 398 4036 quartive
429 3964 555 4012 versus.
608 3944 680 4008 Etsi
705 3947 827 4010 tertius
853 3963 971 4009 versus
990 3963 1059 4008 non
1080 3942 1253 4008 clauditur
1272 3944 1418 4026 punctis,
1447 3945 1569 4027 quibus
1589 3946 1725 4033 singule
1744 3945 1848 4011 rerba
1868 3945 1994 4013 distin-

239 4068 430 4159 gnisolent,
439 4066 504 4130 hoc
513 4074 813 4151 tameupropteree
822 4058 992 4127 offendere
1001 4064 1132 4149 nequit,
1142 4059 1230 4148 qnod
1239 4059 1355 4126 cadem
1363 4060 1719 4149 desnntpostprimum
1728 4062 1996 4132 secmdiversus

241 4206 362 4252 nomen
382 4182 559 4268 μεδδισς
581 4202 676 4247 more
696 4183 799 4248 solito
819 4183 858 4245 in
877 4180 952 4265 μεδ.
975 4182 1224 4247 abbrevietums
1246 4178 1335 4245 unde
1355 4181 1391 4244 in
1412 4191 1564 4247 extremo
1583 4201 1717 4268 quoque
1736 4201 1840 4251 versu
1858 4204 1996 4253 aanor·

240 4327 317 4389 μας
338 4323 402 4391 pro
422 4319 566 4384 νεσσιμα
586 4301 689 4381 σ(εντ)
710 4304 874 4389 scripturn
895 4311 991 4386 puto,
1012 4297 1103 4384 quod
1121 4297 1165 4365 ed
1185 4319 1295 4389 σακρα
1315 4302 1497 4367 referatur.

407 4420 490 4487 Euo
511 4419 564 4487 ta
583 4422 768 4509 significat,
795 4418 980 4485 secundum
998 4418 1142 4486 verbum
1166 4421 1400 4506 inscriptionis
1419 4439 1505 4488 vero
1524 4418 1690 4508 sprosed
1709 4416 1890 4512 legendum
1910 4440 1997 4503 esse,

241 4539 322 4606 inde
342 4542 508 4625 suspicor,
529 4538 621 4625 qnod
641 4560 801 4604 numerus
822 4538 874 4602 111
894 4549 970 4624 post
989 4559 1063 4628 epse
1081 4540 1211 4626 pariter
1231 4536 1397 4625 displicet,
1428 4551 1530 4626 atquo
1551 4541 1677 4625 triplex
1697 4538 1846 4625 ejusdem
1864 4539 1995 4611 vocalis

239 4661 446 4747 ircpctitio,
473 4658 638 4748 spsossd
662 4669 776 4725 autam
801 4658 944 4722 verbum
971 4668 1033 4738 ast,
1060 4655 1153 4742 quod
1180 4669 1357 4725 contextus
1383 4679 1461 4723 cnm
1486 4660 1629 4743 reliquis
1655 4661 1774 4747 poscit.
1822 4658 1994 4742 Quoniam

240 4779 320 4847 inde
348 4779 558 4845 accusativus
585 4799 720 4868 σακρα
740 4782 816 4848 ull.
838 4774 1014 4863 dependet,
1046 4777 1190 4843 verbum
1216 4777 1309 4843 istud
1333 4797 1395 4864 par
1420 4779 1618 4843 metathesin
1645 4798 1690 4844 ex
1708 4778 1873 4844 Umbrico
1898 4779 1994 4847 diseo

240 4920 305 4985 pro
325 4900 399 4969 dico
419 4909 536 4965 uatum
557 4898 716 4980 conjicio,
749 4894 838 4962 unde
858 4906 928 4963 tam
948 4897 1170 4982 imperativus
1190 4896 1300 4966 ditate
1318 4917 1421 4982 quarn
1440 4899 1662 5001 participium
1680 4898 1837 4975 direnek
1855 4899 1894 4965 in
1912 4895 1995 4988 Ipn-
