4244 5722
837 1558 1235 1663 Index

724 1817 763 1907 1.
823 1811 990 1905 Rerum
1019 1812 1368 1905 duserlols'onie.

335 1966 514 2032 Praelatio.

417 2084 504 2151 Poro
525 2085 552 2149 1.
596 2082 719 2147 Oscum
740 2082 904 2146 Bentinee
924 2081 1061 2145 tabulae
1082 2084 1317 2170 fragmentum.

587 2206 617 2267 1.
662 2202 817 2265 Primum
836 2200 1002 2265 Bentinee
1023 2198 1160 2263 tabulae
1182 2205 1293 2277 ceput,
1314 2192 1405 2278 quod
1427 2200 1544 2258 exstet.

585 2320 616 2375 2.
660 2310 853 2372 Secundum
874 2310 1040 2371 Bentinae
1061 2306 1198 2370 tabulae
1220 2316 1332 2388 ceput.

586 2426 619 2489 3.
663 2422 823 2485 Tertium
842 2421 1006 2483 Bentinae
1028 2420 1163 2485 tabulae
1184 2429 1296 2504 ceput.

422 2541 506 2608 Pors
527 2540 572 2607 11.
617 2536 751 2622 Capuae
771 2536 1014 2623 Messeneeque
1034 2539 1284 2624 inscriptiones.

590 2661 619 2723 l.
664 2654 834 2741 Campana
854 2657 1035 2741 inscriptio
1057 2676 1076 2719 e
1098 2656 1222 2741 Cepue.

589 2778 619 2840 2.
662 2773 872 2839 Mamertina
892 2774 1074 2859 inscriptio
1096 2794 1116 2837 e
1136 2772 1301 2839 Messene.

425 2894 511 2963 Poro
532 2896 594 2962 111.
637 2893 908 2959 Herculanenses
928 2902 965 2958 et
984 2892 1206 2975 Pompejenee
1225 2893 1478 2977 inscriptiones.

593 3017 622 3078 l.
665 3011 935 3077 Herculanensss
956 3010 1139 3075 abacorum
1160 3011 1411 3096 inscriptiones.

590 3135 623 3197 2.
663 3130 885 3212 Pompeianae
905 3129 1146 3214 inscriptiones
1168 3132 1298 3194 variae.

400 3316 406 3325 ,
426 3248 510 3323 Pers
531 3250 552 3316 1
556 3246 592 3316 V.
636 3245 778 3312 Nummi
798 3246 975 3311 Samnitici
994 3264 1072 3311 cum
1093 3248 1181 3311 vasis
1201 3244 1351 3315 Nolsnis.

594 3368 622 3430 l.
666 3361 807 3429 Nummi
826 3363 1008 3428 Samnitici
1028 3363 1119 3428 bello
1140 3362 1262 3443 Italico
1282 3365 1368 3431 cusi.

592 3486 623 3551 2.
667 3478 762 3547 vasa
781 3480 917 3546 Nolana
937 3481 1023 3547 Osce
1042 3482 1208 3570 inscripta
1235 3502 1314 3549 cum
1334 3482 1508 3549 nonnullis
1528 3484 1607 3548 eliis
1634 3482 1924 3567 inscriptionibus.

426 3603 511 3671 Poro
538 3602 575 3670 V.
618 3599 745 3667 Sexum
765 3599 967 3665 Abellsnmu
987 3600 1031 3664 ed
1050 3601 1136 3666 fines
1156 3604 1234 3691 egri
1248 3603 1340 3668 inter
1361 3602 1513 3669 Abellam
1533 3602 1722 3689 Nolamque
1743 3600 1923 3691 regendos.

592 3725 623 3788 l.
666 3721 769 3785 Prior
788 3719 925 3785 tabulae
944 3718 1125 3784 Abellanae
1144 3721 1277 3810 pagins.

593 3842 624 3907 2.
667 3839 845 3905 Posterior
865 3838 999 3904 tabulas
1018 3837 1204 3905 Abellanae
1225 3842 1359 3930 pagine.

426 3957 511 4025 Poro
537 3957 593 4026 Vl.
635 3957 826 4042 Alphebetu
844 3955 938 4022 Osos.

593 4080 623 4141 l.
665 4074 719 4138 De
739 4076 918 4141 literarum
937 4077 1068 4165 figuris.

590 4194 622 4259 2.
664 4193 717 4257 De
738 4194 917 4258 literarum
937 4196 1226 4280 pronuntiatione.

428 4310 511 4379 Pers
539 4311 609 4381 Vll.
653 4310 736 4375 Osci
756 4313 922 4376 sermonis
943 4311 1082 4380 indoles.

597 4435 626 4496 l.
667 4428 721 4495 De
742 4430 922 4495 literarum
943 4450 1018 4498 usu.

593 4553 623 4618 2.
664 4550 718 4614 De
737 4550 920 4615 verborum
941 4550 1071 4616 fomis.

348 4667 533 4756 Appendix.
591 4674 620 4738 l.
664 4669 716 4734 De
738 4668 902 4733 Oscorum
923 4671 1068 4757 origine.

595 4792 626 4856 2.
669 4787 721 4852 De
742 4791 931 4876 regionum,
953 4808 1035 4872 ques
1057 4787 1135 4852 Osci
1154 4784 1364 4869 insederunt,
1384 4788 1505 4872 primis
1525 4791 1657 4854 incolis.

597 4910 629 4976 3.
671 4908 726 4974 De
747 4905 900 4973 Choniss
922 4907 1151 4994 descriptione
1172 4907 1414 4990 antiquissime.
