4244 5722
946 622 988 640 ...
1027 591 1069 657 2²
1114 623 1149 638 ..

184 751 253 813 aeis
266 745 445 817 'duodecim
472 752 699 839 cognoscitur,
730 769 831 834 quae,
866 750 1022 818 Varrone
1040 752 1081 815 L.
1103 751 1145 815 L.
1168 749 1212 816 V.
1234 749 1263 833 5.
1285 753 1336 820 ts
1359 759 1458 825 testo,
1490 748 1584 814 Tatii
1614 751 1702 838 regis
1731 758 1814 812 roto
1834 756 1913 812 sunt

184 869 306 933 Romae
333 867 501 933 dedicatae
533 869 557 930 Ι.
582 868 665 952 Opi,
687 867 730 930 II.
753 869 887 949 Florae,
926 869 987 935 ΙΙΙ.
1010 866 1157 933 Vediovi
1177 865 1407 953 Saturnoque,
1441 868 1502 932 IV.
1524 865 1609 947 Soli,
1631 867 1676 934 V.
1697 867 1824 946 Lunae,
1845 866 1910 930 vl.

186 986 337 1051 Volcano
364 996 399 1050 et
424 985 619 1065 Summano,
654 989 798 1070 itemque
819 986 897 1054 VH.
918 985 1115 1064 Larundae,
1149 986 1242 1048 VIII.
1266 987 1446 1065 Termino,
1479 982 1538 1054 IX.
1561 984 1721 1068 Quirino,
1751 981 1797 1047 X.
1817 983 1911 1049 Vor-

185 1115 310 1183 tumno,
333 1102 393 1167 XI.
415 1105 570 1184 Laribus,
593 1104 671 1168 XII.
695 1104 821 1168 Dianae
841 1106 1071 1188 Lucinaeque,
1093 1123 1199 1187 neque
1220 1123 1260 1166 cx
1282 1105 1350 1167 illis
1370 1102 1545 1166 duodecim
1567 1102 1643 1183 diis,
1666 1121 1747 1185 quos
1768 1104 1910 1167 maxime

184 1224 407 1312 agricolarum
428 1221 527 1286 duces
549 1243 617 1286 esse
628 1222 741 1285 Varro
763 1223 848 1286 alt.
862 1223 891 1304 I,
907 1228 936 1289 1.
959 1226 1111 1307 scripsit,
1133 1224 1277 1306 quinque
1297 1242 1404 1285 marea
1424 1231 1458 1285 et
1478 1233 1600 1306 septem
1622 1223 1771 1298 feminas,
1792 1219 1909 1285 sorem

127 1399 130 1405 .
185 1352 219 1409 et
239 1341 432 1419 Tellurem,
464 1339 577 1405 Solem
603 1349 637 1404 et
660 1339 811 1420 Lunam,
846 1339 1001 1408 Cererem
1026 1351 1061 1404 et
1078 1340 1257 1417 Liberum,
1289 1340 1454 1427 Robigum
1481 1358 1520 1401 ac
1540 1339 1689 1418 Florem,
1720 1338 1911 1402 Minervam

185 1471 220 1527 at
238 1460 422 1537 Venerem,
447 1457 635 1542 Lympham
656 1476 694 1520 ac
714 1458 843 1520 Bonum
862 1459 1044 1538 Eventum3
1065 1455 1122 1521 sed
1142 1461 1172 1520 si
1193 1457 1327 1520 Umbris
1345 1456 1435 1543 idem
1454 1477 1525 1519 mos
1551 1461 1632 1537 fuit,
1668 1475 1766 1541 quern
1784 1456 1913 1520 Home·

184 1598 242 1640 rue
267 1578 474 1654 observavit,
495 1586 535 1639 ut
554 1574 620 1638 diis
641 1578 819 1661 praecipue
840 1578 996 1656 mascula,
1018 1575 1140 1639 deabus
1162 1578 1305 1638 feminea
1324 1585 1549 1639 mactarentur
1569 1576 1744 1654 animalia,
1763 1578 1912 1659 quinquo

185 1699 324 1759 feminae
353 1705 388 1757 et
413 1703 538 1777 septem
566 1714 672 1756 mares
700 1693 838 1778 putandi
864 1706 943 1759 sunt
970 1692 1019 1756 dii
1039 1693 1194 1756 lustrales
1214 1705 1351 1776 quartae
1371 1692 1513 1755 tabulae.
1556 1692 1795 1755 Verumtamen
1815 1690 1913 1755 dubi·

185 1816 344 1876 tationem
365 1809 527 1893 quandam
548 1822 660 1875 movet
680 1822 772 1875 sexta
792 1812 918 1892 tabula,
939 1814 977 1874 in
997 1831 1063 1896 qua
1082 1831 1144 1897 pro
1166 1809 1278 1873 dativo
1296 1809 1432 1899 Τεφρι
1453 1812 1474 1872 I
1477 1828 1498 1873 e
1506 1810 1538 1874 F
1541 1832 1586 1883 ιε,
1609 1813 1663 1872 cui
1683 1819 1752 1874 tam
1766 1808 1836 1874 Mc
1844 1806 1912 1896 ριι

189 1930 326 2019 lapte,
355 1919 458 2011 'quam
482 1925 614 2014 Τρεβε
636 1930 762 1996 IaFee
783 1942 818 1993 et
850 1933 957 1997 Tace
977 1931 1118 2008 IoFco,
1150 1926 1343 2013 respondet,
1377 1927 1436 2002 v1,
1457 1949 1488 2006 a,
1509 1930 1559 1994 22.
1582 1931 1745 2009 etassq.
1765 1926 1909 1993 Telrei

184 2051 256 2111 sire
276 2033 405 2109 Teiro
426 2046 447 2109 J
454 2048 522 2108 ovi
541 2049 703 2131 scriptum
724 2058 789 2126 est,
811 2060 909 2132 atque
931 2050 967 2112 in
988 2049 1143 2132 precibus
1163 2048 1289 2108 Tesre
1309 2046 1330 2109 J
1337 2049 1446 2122 onie,
1468 2047 1556 2108 sicut
1575 2044 1626 2107 Di
1647 2043 1856 2108 Graborio
1873 2053 1908 2109 et

184 2167 352 2229 Pisonis
371 2159 533 2239 Sansie,
555 2182 622 2224 non
644 2162 770 2224 Tetra
790 2165 933 2244 Iovia,
966 2141 1263 2226 sicut'Prestote
1281 2159 1436 2224 ”Scrfia
1456 2172 1489 2224 et
1508 2163 1644 2227 Tursa
1662 2157 1837 2239 *Sensim
1857 2163 1908 2224 in-

184 2294 333 2349 vocatur.
369 2280 482 2362 Itaque
495 2299 596 2363 quum
617 2277 766 2341 'I'efral
786 2280 1004 2364 pihaclum
1024 2280 1133 2358 V1,a,
1151 2281 1193 2346 28
1213 2290 1247 2344 et
1265 2282 1331 2359 35,
1352 2282 1440 2342 sicut
1457 2278 1596 2365 τεφρα
1616 2283 1687 2343 sive
1706 2278 1818 2343 calida
1835 2289 1909 2343 exta
2011 2269 2013 2272 ¹

185 2401 670 2485 §.1⁰,ateporerocatum,
702 2398 738 2458 in
769 2399 986 2482 inscriptione
1008 2397 1205 2461 Cortonensi
1236 2418 1312 2460 cum
1327 2397 1441 2461 Tusca
1468 2416 1550 2460 voce
1575 2395 1791 2476 Sethlanl,
1820 2397 1855 2460 lt.
1878 2415 1908 2460 e.

183 2517 367 2595 Vulcanal,
404 2515 616 2593 conjunctum
636 2515 708 2591 eit,
731 2524 844 2587 erunt,
883 2519 943 2598 qui
963 2514 1153 2578 Vulcanum
1180 2515 1346 2580 Jovialem
1366 2514 1523 2581 Martias.
1547 2514 1626 2599 Gap.
1648 2516 1676 2596 1,
1697 2517 1726 2601 5.
1746 2518 1799 2582 ⁴2
1819 2513 1909 2601 apud

184 2636 325 2701 Umbros
355 2633 526 2695 Tefrum
546 2632 715 2694 lovium
736 2642 892 2695 vocatum
912 2653 980 2697 esse
1001 2643 1128 2718 putent.

347 2751 399 2814 24.
441 2747 559 2809 Nihilo
581 2751 691 2810 minue
712 2748 799 2811 hunc
820 2753 891 2814 sive
911 2749 1010 2813 deum
1040 2753 1110 2813 sive
1131 2746 1226 2812 deam
1256 2759 1451 2833 propterea,
1483 2749 1572 2832 quod
1600 2771 1694 2815 sacra
1724 2753 1792 2832 ejus
1821 2753 1905 2816 dunt

184 2867 405 2958 peoondro-
425 2866 628 2928 sorsalem
659 2877 756 2947 atque
787 2868 972 2930 staflare
993 2867 1055 2945 VI,
1077 2888 1107 2945 a,
1128 2868 1170 2933 ³9
1191 2887 1251 2949 sq,
1279 2866 1312 2927 h.
1336 2887 1365 2929 e.
1387 2871 1584 2953 purgatione
1604 2869 1906 2933 socialiotstabu·

183 2990 248 3051 lari
267 2962 504 3048 sive-familiae
525 2992 558 3045 et
577 2983 758 3067 pecudum,
781 2984 892 3048 Palem
913 2989 1135 3069 interpretor,
1156 2986 1297 3047 flammis
1317 2996 1463 3069 pastores
1485 2987 1679 3050 lustrantem
1700 2986 1786 3073 apud
1807 2986 1903 3052 Ouid.

185 3109 219 3171 F.
243 3105 305 3183 IV,
327 3106 386 3168 721
408 3122 491 3185 sqq,
528 3103 583 3163 cui
603 3099 691 3186 apud
712 3100 929 3186 Calpurnium
951 3123 1080 3186 quoque
1100 3101 1237 3181 Ecl.‘11,
1259 3105 1311 3168 63.
1347 3122 1466 3186 „saepe
1487 3102 1576 3166 cadit
1596 3107 1688 3167 festis
1709 3103 1829 3169 devota
1848 3105 1906 3169 Pa·

94 3296 98 3302 ,
185 3224 299 3287 lilibus
331 3218 451 3308 egna.“
503 3219 600 3281 Hanc
632 3217 727 3280 deam
756 3221 889 3303 pabuli,
923 3242 1037 3304 quanm
1080 3230 1161 3284 teste
1190 3219 1311 3282 Servio
1338 3219 1381 3282 ad
1411 3220 1509 3307 Virg.
1543 3221 1582 3283 G.
1605 3223 1666 3301 III,
1700 3228 1728 3288 1.
1758 3224 1821 3286 olii
1840 3223 1905 3288 Ve·

184 3353 279 3420 stam,
322 3341 382 3402 alii
413 3337 558 3400 Matrem
585 3336 682 3399 deum
713 3337 886 3417 volebant,
930 3341 1082 3424 plerique
1119 3336 1252 3420 quidem
1282 3338 1507 3401 Romanorum
1536 3343 1717 3425 scriptores
1747 3345 1905 3406 feminino

184 3446 304 3549 genere
336 3447 517 3541 appellant,
550 3454 610 3515 alii
641 3472 738 3527 vero,
776 3457 866 3516 inter
897 3473 980 3537 quos
1011 3455 1123 3518 Varro
1155 3454 1332 3518 secundum
1370 3454 1542 3537 Servium,
1584 3461 1784 3523 masculino:
1820 3459 1904 3525 unde

185 3577 351 3640 Arnobins
384 3573 445 3652 ΙΙΙ,
478 3592 550 3657 pag.
586 3573 675 3637 lta:
709 3572 877 3650 „Genium
903 3571 1086 3651 Jovialem,
1118 3575 1181 3650 ait,
1215 3583 1249 3634 et
1268 3572 1396 3653 Palem,
1428 3572 1486 3636 sed
1517 3594 1583 3637 non
1612 3577 1707 3640 illam
1739 3581 1903 3658 feminam,

184 3714 282 3778 quam
302 3691 485 3778 vulgaritas
506 3679 645 3772 accipit,
666 3688 724 3752 sed
745 3692 918 3753 masculini
938 3693 1067 3777 generis
1088 3693 1198 3753 nescio
1220 3711 1317 3773 quem
1338 3680 1526 3754 ministrum
1542 3692 1636 3755 Jovis
1657 3714 1695 3756 ac
1716 3696 1903 3777 villicnn,“

184 3812 369 3875 Martianus
391 3807 468 3894 Gap.
492 3818 604 3870 autem
626 3808 653 3886 I,
675 3806 703 3889 5.
726 3811 777 3874 50.
821 3808 974 3870 Vulcano
997 3819 1030 3872 et
1050 3806 1156 3871 Genio
1188 3806 1392 3872 additionis
1413 3810 1517 3888 filios,
1550 3809 1662 3873 Palem
1683 3823 1717 3875 et
1736 3815 1901 3879 Pavorem.

184 3929 237 3993 Ne
257 3931 330 4012 quis
350 3947 431 3989 vero
452 3945 566 3988 vocem
589 3924 778 4010 Tephral
810 3928 845 3987 in
867 3929 1083 4010 inscriptione
1105 3925 1302 3989 Cortonensi
1322 3925 1463 3990 Tuscam
1484 3938 1594 4011 putet,
1615 3933 1694 4013 quia
1714 3930 1905 3996 Sethlanl

185 4045 366 4123 antecedit,
400 4055 433 4107 et
453 4044 574 4106 Paulus
595 4045 760 4107 Diaconus
781 4045 960 4108 formulam
980 4043 1082 4106 Arse
1109 4064 1250 4124 verse,
1272 4047 1328 4107 cui
1354 4046 1463 4129 prima
1483 4047 1586 4109 verba
1605 4045 1729 4112 Arsen
1748 4071 1904 4131 vurees,

186 4167 251 4244 jem
271 4167 307 4224 in
327 4163 499 4245 superiore
520 4163 684 4245 particula
705 4163 732 4235 5.
756 4165 806 4226 22.
831 4161 1010 4246 explicata,
1047 4162 1263 4246 respondent,
1284 4183 1303 4225 e
1324 4162 1433 4226 Tusca
1453 4165 1569 4252 lingua
1589 4169 1826 4253 interpretatus
1845 4180 1904 4248 est,

185 4293 288 4346 totam
318 4282 567 4363 inscriptionem
597 4299 638 4341 ex
669 4278 818 4365 Iguvinis
848 4280 987 4357 tabulis,
1019 4282 1055 4341 in
1086 4280 1203 4362 quibus
1234 4291 1367 4366 praeter
1395 4303 1498 4345 unum
1530 4285 1674 4347 Tuscum
1706 4288 1904 4352 vocabulum

185 4399 380 4463 Sethlanl
409 4399 537 4480 reliqua
564 4400 634 4459 iere
662 4398 773 4459 omnia
801 4397 976 4484 leguntur,
1008 4400 1175 4484 explicare
1201 4399 1257 4463 hic
1285 4401 1395 4466 liceat.
1438 4401 1515 4463 Vox
1535 4422 1627 4465 arse
1647 4423 1709 4489 pro
1729 4404 1854 4469 ardore
1873 4417 1906 4470 et

185 4521 315 4581 flemma
345 4517 427 4579 latet
454 4517 489 4577 in
516 4516 627 4577 verbis
649 4512 811 4602 αρεπεῤ
833 4514 982 4604 αρΕες,
1014 4514 1194 4600 dequibus
1215 4519 1251 4578 in
1272 4520 1445 4602 superiore
1464 4522 1631 4603 particula
1651 4524 1679 4607 5.
1701 4526 1753 4590 21.
1776 4525 1905 4589 locutus

185 4657 274 4715 sum,
304 4654 423 4698 verse
445 4651 526 4695 vero
547 4631 589 4695 ad
610 4631 699 4695 idem
718 4632 858 4695 verbum
889 4653 966 4697 cum
997 4633 1238 4697 averruncandi
1268 4638 1404 4700 notione
1434 4641 1589 4721 pertinet,
1620 4640 1707 4706 unde
1738 4646 1904 4708 virecto

187 4752 377 4817 arirseto
400 4749 617 4815 derivandum
638 4761 687 4815 est
714 4753 750 4813 in
771 4751 924 4836 precibus
946 4752 1232 4833 VI,b,28.38·48
1247 4764 1310 4821 cet.
1362 4754 1450 4842 Ape
1471 4760 1678 4838 conjunctio,
1709 4781 1809 4845 quam
1830 4782 1902 4826 cum

186 4869 393 4948 subjunctivo
425 4870 573 4933 constnn
604 4869 711 4934 solere
741 4871 776 4933 in
807 4872 980 4954 superiore
1010 4871 1175 4956 pafficule
1204 4869 1322 4955 docui,
1354 4873 1409 4937 hic
1439 4895 1516 4939 cum
1537 4875 1720 4942 indicativo
1740 4881 1900 4972 jungitur,
