4244 5722
903 630 1152 698 ..29-

325 797 367 865 E.
411 795 572 861 Micalius
600 794 766 862 441445.
797 791 880 857 duas
904 795 1140 879 inscriptiones
1167 792 1342 858 breviores
1371 794 1535 873 exhibuit,
1566 793 1605 862 A.
1629 794 1714 862 1830
1741 794 1778 856 14
1806 813 1904 859 muro

158 920 238 998 4141,
266 920 326 1002 441
346 917 515 981 Mercurii
543 914 600 980 vel
626 912 773 976 rhetoris
801 911 938 992 dicitur,
968 922 1129 996 repertas,
1159 931 1303 994 quarum
1327 916 1476 997 priorem
1497 913 1684 1002 bilinguem
1707 910 1838 976 Gellius
1868 914 1905 975 in

158 1036 368 1124 Pompeianis
389 1038 458 1098 suis
479 1033 559 1096 Vol.
572 1031 615 1099 11.
628 1053 659 1116 p.
676 1032 746 1099 187.
791 1030 885 1093 04414
913 1027 1013 1092 modo
1040 1030 1151 1092 literis
1172 1028 1361 1114 descripsit,
1391 1033 1664 1115 quamprimum
1686 1029 1823 1114 quidem
1843 1046 1904 1093 uo·

158 1155 317 1218 nabulum
343 1172 444 1218 emens
470 1149 560 1211 clare
588 1149 734 1235 legatur,
763 1148 895 1230 4411444
915 1166 998 1211 vero
1019 1144 1264 1233 propemodum
1286 1145 1466 1211 obliterata
1488 1151 1564 1213 sint.
1605 1145 1705 1232 Apud
1726 1145 1907 1211 Micalium

158 1276 256 1356 prior
284 1273 369 1336 Osca
397 1266 671 1352 inscripsisset:
705 1264 744 1332 V.
767 1267 863 1330 Mens
882 1265 1044 1346 Melissai,
1074 1264 1190 1330 addita
1208 1264 1332 1329 Latina
1355 1262 1393 1330 C.
1416 1264 1642 1331 Melissaeum=
1666 1263 1797 1328 Gellius
1817 1264 1906 1327 nihil

159 1387 338 1475 descripsit
363 1386 428 1449 nisi
454 1385 572 1450 Emens
599 1385 775 1451 Meiissoii.
827 1385 898 1447 Etsi
925 1382 1056 1447 Gellius
1082 1385 1232 1470 primum
1256 1400 1378 1449 nomen
1405 1384 1497 1447 clare
1523 1366 1690 1469 scriptum
1714 1383 1906 1467 profitetur,

159 1508 334 1572 Avellinns
359 1513 471 1568 tamen
499 1504 536 1565 14
562 1503 747 1569 Buliettino
776 1501 850 1566 deli
877 1505 1030 1568 instituto
1051 1503 1087 1571 di
1108 1506 1242 1584 eorrisp.
1266 1501 1438 1584 asemper
1459 1500 1566 1566 ianne
1588 1503 1679 1568 1831.
1702 1505 1801 1584 pli.
1825 1499 1907 1564 duas

159 1627 272 1690 literas
294 1624 330 1684 in
349 1622 451 1685 initio
471 1622 701 1707 inscriptionis
722 1621 919 1686 obliteratus
942 1624 1082 1701 censuit,
1111 1632 1150 1685 41
1169 1619 1348 1709 legendum
1369 1621 1414 1685 sit
1434 1618 1645 1687 CLEMENS
1665 1614 1907 1698 MELISSAII,

161 1745 300 1807 libertus
321 1738 592 1821 4411Μ41144441,
615 1738 895 1826 quemadmodum
915 1742 952 1802 in
972 1741 1041 1802 4114
1060 1741 1284 1825 inscriptione
1299 1740 1500 1825 Pompeiana
1521 1739 1649 1826 legitur
1659 1733 1791 1799 FELIX
1804 1784 1812 1800 .
1825 1732 1908 1798 ME·

159 1856 310 1922 Ltssau
322 1903 331 1919 .
343 1857 514 1922 FAUSTl.
556 1858 602 1922 At
622 1860 748 1922 rectius
769 1857 930 1921 Micalius
951 1858 1088 1942 scripsit
1104 1857 1152 1922 V.
1176 1855 1323 1922 MENS:
1351 1877 1459 1943 44444
1489 1859 1579 1958 enim
1608 1856 1720 1920 solum
1739 1852 1907 1918 Varronis

157 1979 285 2040 amicus
313 1977 429 2042 Menas
457 1976 916 2057 lt.tt.11,1‚1.3‚11.e,1.
946 1994 1010 2060 pro
1038 1976 1134 2041 Mens
1159 1976 1339 2052 scribitur,
1369 1971 1649 2059 quemadmodum
1674 1970 1764 2035 idem
1790 1968 1907 2034 Varro

159 2092 285 2175 Ufentis
305 2113 368 2180 pro
390 2093 494 2176 Ufens
514 2095 662 2179 scripsit,
683 2091 743 2157 scd
762 2096 866 2160 Minii
886 2113 1022 2177 444444
1042 2113 1122 2181 gens
1135 2091 1302 2179 Campana
1322 2095 1461 2158 inerunt
1482 2090 1573 2179 apud
1593 2092 1733 2155 Livium
1742 2086 1907 2167 XXXIX,

158 2216 337 2281 13.17.19.
379 2212 453 2276 Ν44
474 2223 585 2276 tamon
606 2213 770 2276 Melissaii
790 2215 826 2272 in
847 2213 998 2291 genitivo
1020 2232 1099 2266 casn
1119 2214 1267 2287 positum
1288 2219 1383 2288 puto,
1415 2221 1456 2274 ut
1476 2206 1582 2297 patris
1610 2228 1731 2275 nomen
1761 2209 1817 2288 411,
1850 2202 1909 2268 444

156 2332 261 2394 litera
281 2349 298 2392 s
318 2327 428 2389 finalis
448 2326 570 2388 omissa
590 2331 650 2400 est,
678 2318 958 2401 quemadmodum
981 2318 1024 2383 G.
1046 2316 1154 2401 Propi
1174 2338 1238 2403 pro
1260 2317 1344 2400 Gaio
1365 2322 1469 2406 Papio
1490 2328 1527 2386 in
1549 2330 1695 2387 nummis
1716 2325 1910 2387 Samniticis

158 2448 297 2530 legitur,
319 2441 376 2502 vel
398 2441 498 2500 41144
508 2435 676 2516 Pompeiis
696 2437 733 2495 in
753 2436 884 2516 pariete
905 2432 1050 2511 aedium,
1071 2453 1155 2516 quae
1167 2436 1291 2519 tragici
1301 2434 1472 2516 dicuntur,
1495 2437 1584 2520 apud
1596 2437 1746 2501 Gellium
1755 2440 1906 2522 Pompej.

107 2600 112 2610 ·
157 2557 239 2621 Vol.
253 2556 279 2618 1.
293 2573 367 2642 pag.
380 2553 452 2619 144.
480 2550 687 2630 Hermiersii,
708 2548 823 2612 444114
836 2550 1056 2632 inscriptione
1067 2549 1189 2613 Latina
1200 2547 1364 2615 IVSTUS
1378 2547 1390 2637 u
1403 2551 1518 2617 lvcv
1518 2552 1551 2616 N
1553 2553 1638 2618 DOS
1650 2555 1908 2621 HIRMIEROS.

157 2677 229 2738 lmo
250 2670 410 2735 Micalius
435 2671 508 2753 ipse
529 2671 648 2734 Oscam
668 2669 924 2752 inscriptionem
945 2664 1095 2729 addidit:
1118 2669 1196 2733 Mm.
1218 2668 1367 2735 Herenni
1386 2671 1462 2736 Mm.
1486 2672 1610 2737 dended
1627 2673 1662 2739 b.
1675 2692 1703 2739 e.
1724 2676 1909 2741 Mamercus

160 2793 345 2860 Herennius
364 2789 520 2855 Mamerci
540 2786 631 2871 filius
651 2786 740 2851 dedit
761 2785 833 2850 sive
854 2785 1044 2866 donauit*)‚
1064 2785 1126 2850 nbi
1144 2788 1223 2853 Mm.
1245 2808 1309 2873 pro
1330 2787 1506 2854 Mamerco
1527 2794 1691 2877 scriptum
1712 2802 1772 2875 est,
1793 2813 1909 2878 4444-

158 2907 338 2975 admodum
360 2908 427 2974 Mr.
449 2925 552 2991 supra
572 2925 635 2991 pro
655 2904 788 2970 Marco.
829 2905 1022 2984 Mamercus,
1052 2906 1165 2989 inquit
1184 2907 1310 2988 Festus,
1332 2928 1535 2992 praenomen
1558 2910 1681 2974 Oscum
1708 2921 1759 2975 441
1787 2912 1828 2975 ab
1855 2930 1907 2994 eo,

158 3026 249 3115 qnod
259 3030 297 3092 hi
307 3002 455 3091 Martem
465 3026 649 3091 Mamertem
671 3024 860 3110 appellant3
883 3024 1044 3090 Herennii
1063 3041 1185 3088 nomen
1206 3036 1319 3090 autem
1339 3031 1471 3114 saepius
1492 3029 1620 3118 legitur
1641 3032 1678 3092 in
1698 3028 1907 3115 Pompejanis

160 3118 447 3233 inscriptionibus,
473 3153 513 3207 41
533 3141 749 3229 apud'Orell.
772 3144 866 3209 3298.
890 3141 1263 3209 alienatoribus.
1287 3145 1322 3211 di
1343 3148 1479 3228 corrisp.
1502 3147 1591 3211 areli.
1612 3169 1673 3230 per
1694 3149 1803 3213 14444
1825 3150 1908 3218 1833

159 3266 327 3357 444146.
381 3263 540 3327 Praetera
568 3261 693 3325 multos
721 3261 914 3325 Herennios
942 3280 984 3325 ex
1014 3260 1179 3326 Oscorum
1206 3271 1305 3351 ganta
1332 3264 1453 3329 Livius
1480 3263 1607 3347 laudat,
1636 3264 1907 3351 441ΧΧ1Ι1,43.

158 3386 355 3451 Herennium
376 3381 516 3448 Bassum
537 3400 672 3466 444444
692 3389 727 3444 41
747 3381 884 3446 Herium
904 3377 1048 3447 Pettium
1068 3381 1111 3444 ab
1132 3381 1300 3445 Hannone
1331 3401 1373 3446 ex
1394 3381 1483 3447 Nola
1513 3383 1556 3446 44
1583 3385 1796 3471 colloquium
1827 3403 1907 3449 evo-

158 3515 248 3570 catos
274 3504 459 3597 copjungit‚
488 3498 768 3586 quemadmodum
795 3497 884 3586 apud
904 3498 1029 3582 Vellej.
1051 3499 1181 3564 Patere.
1204 3499 1247 3579 11,
1261 3504 1311 3569 16.
1362 3502 1489 3568 Herius
1514 3498 1653 3570 Asinius
1682 3524 1760 3568 cum
1788 3501 1908 3568 Silone

157 3621 324 3709 Popaedio
346 3632 381 3686 ot
391 3620 493 3706 Papio
504 3620 631 3684 Mutilo
653 3621 745 3683 inter
765 3617 867 3682 44444
887 3617 972 3683 belli
990 3618 1103 3683 Italici
1124 3628 1328 3685 recensetur.
1371 3622 1421 3683 Ex
1442 3621 1541 3704 hujus
1562 3622 1658 3687 ducis
1678 3625 1814 3687 nomine
1835 3625 1907 3685 ior·

158 3752 245 3808 tasse
270 3736 470 3828 explicanda
495 3749 545 3805 est
565 3741 649 3802 Osca
677 3740 867 3822 inscriptio,
896 3757 997 3821 4444
1017 3736 1148 3804 Gellius
1169 3740 1206 3801 in
1227 3737 1437 3826 Pompsjanis
1457 3741 1527 3804 suis
1548 3741 1629 3806 Vol.
1643 3742 1670 3808 I.
1691 3763 1723 3827 p.
1736 3745 1780 3823 4.,
1802 3761 1907 3826 4444

156 3864 213 3926 rix
234 3862 305 3948 legi
324 3865 458 3946 possent
478 3857 611 3937 literae,
633 3857 685 3921 bis
706 3875 735 3921 a.
754 3858 837 3925 1814
858 3855 996 3924 411825
1017 3854 1221 3944 descriptam
1241 3857 1417 3922 exhibuit:
1440 3859 1516 3946 lego
1540 3861 1630 3924 enim
1648 3858 1810 3924 Mattvs
1832 3862 1903 3923 4144

155 3976 333 4045 MAGIVS
353 3974 563 4041 Muutsms
583 3965 787 4041 insutus.
836 3972 936 4059 Quod
961 3984 1075 4040 autem
1101 3974 1145 4040 ad
1170 3975 1329 4040 Latinam
1357 3979 1611 4063 inscriptionem
1640 3976 1679 4044 C.
1700 3954 1906 4045 Melissueum
1947 4029 1949 4034 .

157 4099 289 4177 attinet,
317 4114 462 4179 444444
487 4091 712 4180 comparanda
738 4103 790 4158 est
816 4094 995 4180 inscriptio
1023 4093 1113 4157 labri
1139 4097 1322 4160 marmorei
1349 4094 1440 4181 apud
1460 4095 1628 4160 Orellium
1649 4116 1682 4164 n.
1694 4097 1787 4165 3217.
1832 4095 1904 4163 GN.

157 4211 378 4280 MELISSEO
405 4210 477 4278 ΟΝ.
497 4214 532 4275 F.
554 4211 681 4292 APRO,
709 4212 825 4299 plures
852 4214 1090 4299 inscriptiones
1117 4215 1337 4300 Pompcjanae
1366 4215 1408 4278 ab
1435 4216 1627 4281 accusativo
1654 4216 1799 4279 nominis
1820 4219 1906 4280 inci-

157 4337 269 4421 piunt,
298 4330 405 4396 verbo
427 4341 526 4416 roget
555 4330 656 4395 modo
677 4328 805 4412 444114,
838 4329 939 4394 modo
967 4350 1107 4417 prorsus
1124 4334 1268 4397 omisso.
1311 4331 1469 4413 Ejusdem
1490 4335 1624 4423 generis
1650 4354 1721 4399 esse
1746 4332 1907 4401 videntur

157 4453 263 4516 Oscae
282 4451 531 4535 inscriptiones,
551 4470 632 4536 4444
640 4451 791 4515 Lanaius
800 4449 936 4534 Suggio
947 4450 989 4513 Τ.
1000 4453 1031 4516 2.
1044 4471 1076 4536 p·
1090 4452 1152 4519 tot
1163 4472 1233 4536 sqq.
1257 4451 1405 4533 exbibet,
1426 4453 1906 4535 utMansiesimMolketrem(?)

158 4574 200 4673 14
215 4572 315 4655 cippo
337 4568 520 4655 sepulcrali
539 4567 653 4634 Musei
672 4570 808 4650 Nolani,
833 4569 1032 4637 Veitineisim
1059 4579 1094 4634 et
1112 4567 1335 4639 Kanutiessim
1355 4571 1445 4659 apud
1465 4552 1679 4637 Franciscnm
1698 4571 1906 4656 Danielum,

159 4690 227 4755 4141
250 4687 334 4752 haec
360 4704 424 4774 pro
452 4687 581 4751 casibus
608 4686 876 4754 determinativis
903 4689 1058 4774 accipere
1084 4687 1190 4755 malis.
1233 4688 1302 4755 Sed
1323 4711 1391 4777 444
1411 4694 1556 4758 maxime
1576 4693 1771 4757 illustratur
1791 4701 1906 4756 nostra

166 4826 656 4855 ...a-...Am

229 4928 256 4995 s)
273 4928 338 4989 Not.
357 4928 393 4983 ln
410 4928 520 4986 Placidi
538 4929 643 5006 glossis
660 4930 816 4989 dmdontur
832 4947 889 5005 pro
906 4932 1061 5005 frequenter
1077 4933 1180 4989 enitar
1197 4933 1320 5010 legitur.
