4244 5722
287 768 308 810 a
328 748 440 827 Remi,
473 749 557 812 alter
577 747 887 830 Quintiliorum
918 750 1093 814 allomuli
1120 748 1270 835 partibus
1291 745 1405 827 stabat.
1448 746 1563 808 Fabios
1583 745 1695 809 Festus
1714 734 2031 833 1111111111,ὓὶ
2025 712 2033 725 ¹

290 865 469 949 Quintilios
501 866 794 947 Quintilianos
825 868 930 948 dixit,
962 881 1060 953 etque
1091 886 1131 931 cx
1162 864 1277 930 eodem
1307 863 1429 926 Paulus
1457 865 1626 927 Diaconum
1657 867 1868 949 excerpsit,
1864 842 2080 949 Fabios,
2038 898 2082 955 1

290 1005 433 1066 quorum
462 985 635 1046 interitum
666 985 805 1048 Ovidius
833 987 866 1048 F.
889 986 934 1066 ΙΙ,
964 989 1023 1052 193
1055 1008 1122 1069 sqq.
1157 1005 1233 1048 cnm
1264 982 1461 1046 Faunalibua
1492 983 1617 1061 junxit,
1650 982 1833 1063 antiquitus,
1862 962 2092 1075 vados

293 1120 360 1164 esse
380 1112 533 1180 vocatos,
566 1100 654 1166 unde
674 1104 850 1182 Fovion,
883 1106 938 1168 vel
960 1106 1067 1167 literis
1089 1106 1105 1164 1
1123 1112 1156 1165 et
1175 1124 1198 1165 1
1218 1104 1308 1163 inter
1327 1121 1362 1163 se
1381 1103 1575 1185 permutatis
1597 1098 1773 1178 Volion,
1794 1096 2081 1231 tremuere-t:
2067 1086 2105 1183 Ι

197 1244 202 1253 ·
290 1215 444 1303 spondet,
476 1239 538 1303 pro
571 1240 636 1301 que
667 1222 827 1283 Faunus
856 1242 986 1305 quoque
1017 1220 1086 1283 dici
1117 1229 1264 1306 poterat,
1297 1229 1335 1281 ut
1367 1216 1487 1279 Graeci
1517 1217 1678 1279 Samnites
1709 1235 1771 1301 pro
1799 1204 2082 1280 Sabinitis:

290 1330 452 1411 Σαυνίτας
471 1334 636 1401 dixerunt
679 1337 793 1419 Itaque
816 1338 979 1401 Voiion
1006 1339 1227 1416 Umbrorum,
1255 1333 2012 1418 1111Μ1111111101ρᾸΙ1.1611111111·
2066 1340 2073 1397 ἶ

292 1454 388 1516 nibus
410 1464 443 1515 et
457 1455 574 1514 Faunis
595 1456 726 1517 Foues
748 1457 929 1535 conjunxit,
951 1477 1017 1519 non
1040 1452 1286 1521 confundendus
1308 1464 1357 1516 est
1378 1473 1453 1514 cum
1474 1453 1652 1513 Foninne
1672 1453 1744 1513 sive
1765 1450 1875 1519 Marte
1896 1442 2018 1536 φόνοις
2063 1442 2069 1521 Ι

292 1568 545 1656 πεπαλαγμένῳ,
567 1574 623 1632 cui
643 1570 726 1632 Phil.
749 1594 774 1633 a·
782 1575 894 1637 Turre
914 1574 953 1638 de
974 1575 1038 1638 diis
1050 1576 1193 1658 Aquilej.
1217 1587 1268 1634 n'r.
1284 1571 1328 1633 II.
1343 1572 1426 1633 hanc
1444 1573 1692 1655 inscriptionem
1704 1573 1869 1655 ascripsit:
1891 1568 2015 1632 FONI·
2034 1596 2037 1601 ’

294 1687 391 1769 ΟΝΙΙ
411 1685 663 1768 5101115111.
688 1688 806 1753 10le
820 1688 831 1774 ΙΙ
844 1691 953 1755 MAG.
969 1691 981 1774 ΙΙ
994 1693 1035 1756 Ι).
1063 1692 1104 1755 Ι).
1148 1691 1325 1773 Inscriptio
1348 1690 1503 1752 lucernae
1525 1688 1694 1768 cujusdam
1716 1708 1833 1750 aeneae
1847 1685 2017 1752 FLAVIN

292 1793 464 1869 11111111·
494 1804 693 1869 rolc1vru
723 1807 802 1887 on,
835 1785 933 1891 qu...
954 1809 1172 1897 ves-magron
1193 1808 1339 1886 (1111111
1367 1809 1538 1869 iscrizioni
1558 1806 1739 1894 aerugine,
1761 1804 1844 1868 eta.
1869 1805 1912 1867 11.
1935 1805 2015 1870 vot
2055 1853 2057 1856 Α

294 1923 321 1986 Ι.
345 1945 395 1986 nr.
417 1927 447 1987 2.
470 1944 541 2010 pag.
568 1923 631 2002 13.)
663 1928 710 2011 sic
742 1929 977 2012 interpretatus
1009 1938 1074 1990 eet:
1106 1926 1242 1987 Flevina
1264 1927 1386 1991 Antoni
1417 1926 1501 1999 (filia
1533 1926 1587 1989 vel
1620 1926 1719 2002 uxor)
1740 1924 1864 2004 Vejovi
1896 1921 2016 1986 donum

227 2044 229 2049 ’
296 2041 369 2116 dat,
392 2043 485 2122 cujus
507 2042 681 2103 literarum
703 2042 820 2106 ductus
842 2064 924 2106 vero
945 2048 994 2107 ita
1014 2066 1048 2107 se
1070 2044 1208 2122 habent,
1230 2046 1346 2105 utrix
1367 2064 1420 2105 ees
1441 2043 1635 2129 dignoscere
1656 2046 1776 2125 possis,
1800 2063 1866 2105 non
1889 2041 2016 2105 diversa

296 2159 429 2223 ridetur
450 2159 490 2220 ab
512 2160 577 2219 alia
599 2178 671 2244 pag.
695 2162 743 2224 16.
767 2159 927 2222 exhibita:
951 2160 1113 2222 FLAVIA
1135 2158 1344 2222 EPICTISIS
1365 2159 1570 2221 FORTVNE
1592 2160 1666 2238 DD,
1688 2181 1748 2245 per
1769 2163 1861 2240 cujus
1883 2161 2017 2222 initium

296 2278 467 2359 inscriptio
500 2274 675 2337 Veliterna
707 2276 864 2338 eMuseo
897 2277 1061 2363 borgiano
1095 2321 1183 2337 .....
1190 2276 1220 2337 Δ
1247 2275 1467 2344 EPICTISIS.
1497 2276 1545 2338 SE
1570 2272 1582 2357 ΙΙ
1616 2276 1781 2343 CVNDO.
1815 2273 2015 2340 CONIVGI.

297 2393 384 2457 SVO
411 2392 559 2477 suppleri
586 2402 711 2476 potest,
745 2399 831 2457 sicut
867 2405 1015 2457 extreme
1045 2395 1148 2459 verba
1178 2395 1275 2482 plena
1301 2394 1435 2456 exhibet
1459 2397 1632 2478 inscriptio
1661 2396 1812 2458 lamellae
1828 2397 2016 2481 *aeneaejn

298 2512 477 2574 Tiburtino
499 2530 579 2596 agro
601 2521 752 2594 repertae
773 2511 861 2597 epud
880 2513 1021 2576 Fabrctt.
1045 2534 1117 2600 pag.
1141 2515 1248 2595 2711.
1273 2511 1309 2574 C.
1332 2510 1615 2574 PLACENTIOS.
1638 2513 1736 2574 ΗΕΒ.
1760 2513 1793 2577 F.
1818 2508 1829 2594 ΙΙ
1852 2510 2015 2576 Mem

297 2628 492 2692 SACROM:
515 2630 550 2689 in
574 2648 687 2690 aversa
708 2640 800 2713 parte
822 2628 859 2694 C.
882 2628 1166 2692 PLACENTIOS.
1189 2629 1297 2690 BER:
1312 2628 1346 2693 F.
1371 2625 1382 2710 ΙΙ
1406 2629 1558 2691 ΜΔΒἸῈ
1580 2628 1714 2692 DONU.
1736 2629 1893 2692 DEDII‘I'.

463 2747 513 2810 27.
557 2746 677 2806 Fisus
704 2743 848 2807 Sansis
875 2748 946 2811 sine
974 2746 1075 2811 dubio
1109 2744 1237 2808 isdeus
1260 2755 1325 2824 est,
1363 2748 1421 2827 qui
1442 2745 1528 2829 apud
1550 2745 1705 2809 Ovidium
1726 2747 1760 2808 F.
1784 2747 1845 2826 VI,
1865 2751 1924 2815 213
1946 2769 2016 2833 sqq.

301 2864 378 2927 coll.
401 2861 535 2925 Gruter.
558 2859 681 2941 XCVI,
704 2867 733 2929 t.
768 2863 918 2926 Sancus
939 2864 1081 2927 Fidius
1101 2862 1218 2925 Semo
1241 2862 1365 2925 Pater
1385 2862 1529 2943 dicitur,
1561 2874 1594 2925 et
1615 2859 1715 2941 Ζεὺς
1736 2859 1909 2943 Πίστιος
1928 2866 2018 2951 apud

300 2981 498 3062 Dionysium
519 2980 649 3056 Helie,
671 2984 728 3063 qui
749 2979 793 3058 II,
815 2984 864 3046 49.
887 3003 917 3065 p.
943 2985 1012 3046 112.
1037 2981 1231 3043 Sabinum
1253 3000 1384 3061 quoque
1404 2984 1475 3044 sive
1497 2979 1662 3058 Sahum,
1690 2981 1889 3046 Sabinorum
1908 2995 2019 3047 aucto-

301 3119 371 3161 rem
392 3096 569 3159 secundum
591 3095 744 3158 Servium
776 3097 817 3158 ad
839 3098 933 3185 Virg.
956 3097 993 3159 A.
1018 3099 1113 3176 VIII,
1134 3100 1204 3165 638.
1230 3097 1306 3159 coll.
1331 3096 1391 3159 Sil.
1415 3098 1488 3160 Ital.
1512 3098 1854 3180 V111‚423.‚Sanci,
1887 3103 2017 3189 gentilis

302 3216 374 3294 dei,
396 3217 502 3276 filium
523 3225 629 3276 vocat.
672 3214 819 3278 Eundem
842 3236 909 3278 esse
931 3215 1095 3279 Graecum
1116 3218 1313 3293 Herculem,
1345 3218 1492 3278 Fortassis
1519 3215 1595 3277 inde
1617 3227 1692 3278 nata
1713 3229 1762 3280 est
1783 3221 1912 3304 opinio,
1934 3218 2018 3303 quod

303 3336 441 3397 Romani
463 3353 523 3416 per
544 3332 640 3394 deum
661 3332 790 3394 Fidium
820 3335 991 3413 jurabant,
1023 3334 1128 3396 Plaut
1157 3333 1247 3395 Aeln.
1272 3334 1298 3412 Ι,
1323 3338 1351 3409 l,
1374 3336 1403 3400 8.
1438 3332 1525 3394 Non.
1549 3333 1655 3395 Marc.
1680 3336 1775 3416 Vlll,
1796 3341 1860 3417 93,
1895 3349 1928 3402 et
1948 3337 2019 3416 (im)

303 3451 461 3514 medius
483 3454 498 3510 1
504 3448 615 3511 idius
637 3439 797 3528 (adjuvet)
819 3453 945 3534 pariter
966 3462 1062 3533 atque
1084 3452 1347 3514 mehercules
1368 3449 1529 3514 dicebant
1580 3450 1665 3515 Sane
1685 3451 1831 3516 Sanbia
1853 3458 1888 3516 in
1909 3458 2019 3539 quinta

305 3570 417 3634 tabula
440 3589 513 3630 cum
534 3569 637 3630 Jove
658 3568 777 3631 Patre
800 3570 966 3656 jungitur:
999 3571 1106 3632 nihilo
1128 3573 1236 3631 miuus
1256 3568 1453 3650 Dionysium
1474 3567 1596 3630 Dium
1622 3568 1782 3632 Fidium
1804 3574 1928 3636 rectius
1948 3595 2019 3637 ver-

305 3690 383 3749 tisse
403 3678 483 3747 Δία
503 3676 700 3762 Πίστιον,
722 3706 818 3768 quam
839 3683 989 3763 Aelium,
1012 3696 1094 3748 teste
1116 3686 1270 3748 Varrone
1290 3688 1331 3747 L.
1354 3687 1393 3748 L.
1418 3686 1463 3763 V,
1486 3687 1515 3770 ξ.
1539 3692 1588 3752 66.
1618 3686 1764 3749 Diovis
1785 3691 1928 3755 filium
1948 3694 2016 3756 sive

305 3803 337 3865 Δ
344 3795 559 3887 ιόσκορον,
592 3810 720 3862 veteres
752 3802 1817 3888 1111111111111111111111111111Βεί1εεί1161123011232,
1849 3811 1886 3870 in
1905 3809 2019 3893 quibus

308 3930 375 3983 tam
395 3917 521 3994 Diana,
555 3936 653 3997 quam
675 3915 790 3995 Ceres,
812 3917 940 3980 Pistia
961 3920 1156 4004 appellatur.
1200 3919 1376 3984 Sancum
1397 3922 1587 4006 Propertius
1608 3922 1732 3985 Umber
1762 3928 1798 3986 in
1829 3928 2021 4012 apostrophe

307 4035 350 4099 ad
370 4034 552 4097 Herculem
573 4033 634 4113 IV,
656 4038 687 4111 9,
710 4045 792 4097 extr.
817 4057 836 4097 a
856 4037 1081 4100 sanciendo
1103 4037 1229 4100 dictum
1249 4041 1369 4118 innuit,
1390 4042 1476 4102 sicut
1495 4040 1674 4103 Faunum
1695 4041 1806 4105 Varro
1827 4045 1867 4106 1..
1882 4045 1922 4107 L.
1947 4045 2020 4125 VII,

307 4153 336 4236 ᾗ.
359 4156 409 4220 36.
433 4173 453 4214 a
473 4148 570 4212 fando
592 4162 743 4214 vocatum
765 4154 883 4231 refert,
905 4154 956 4216 his
977 4156 1142 4217 versibus:

552 4267 697 4331 Sancte
719 4279 832 4353 pater,
854 4263 959 4349 salse,
981 4274 1036 4334 cni
1057 4274 1122 4353 jam
1143 4275 1233 4337 iavet
1252 4294 1367 4359 aspera
1386 4275 1493 4338 June:

593 4384 757 4465 Sancte,
779 4388 863 4449 velis
885 4389 971 4451 libro
994 4388 1108 4451 dexter
1129 4388 1240 4453 adesse
1260 4410 1344 4453 meo.

555 4502 672 4581 Hunc,
695 4504 849 4583 quoniam
870 4507 1019 4568 manibus
1039 4519 1216 4592 purgatum
1235 4522 1432 4574 sanxerat
1452 4512 1576 4589 orbem,

597 4620 653 4681 Sic
673 4617 845 4682 Sancum
865 4620 983 4684 Tatiae
1005 4645 1219 4709 composuere
1241 4625 1354 4689 Cures.

313 4738 357 4801 At
376 4735 579 4822 Hercules
600 4734 770 4799 Sanctus
789 4736 930 4799 Arnobii
952 4737 1064 4803 differt
1083 4762 1103 4803 a
1123 4740 1270 4821 Sanco,
1302 4746 1380 4827 qnia
1407 4756 1546 4828 utraque
1578 4748 1755 4832 appellatio
1777 4762 1811 4815 et
1827 4751 1971 4821 sancti
1993 4767 2026 4819 ct

315 4855 436 4918 Sanci
457 4856 607 4942 jungitur
628 4852 716 4939 apud
736 4854 832 4920 Grut.
845 4853 1011 4935 XLVI,6
1035 4861 1076 4920 ci.
1099 4858 1248 4942 snpra§.
1271 4860 1301 4926 6.
1323 4858 1519 4926 Sanctum
1541 4864 1820 4950 Τ1111111111Ν6,
1838 4875 1880 4938 12
1899 4876 2025 4959 11617
