4244 5722
820 617 1170 685 ·-49·-

85 808 108 843 s
170 797 337 891 ‘ominari
365 793 463 871 solet,
492 790 624 854 etiamsi
649 807 672 852 o
699 804 768 849 non
795 779 950 847 elidatur.
993 781 1177 848 Vocatium
1205 782 1301 846 elisio
1330 792 1444 847 autom
1463 784 1502 845 in
1522 784 1697 847 nominum
1717 784 1919 859 flexionibus
1933 758 1950 785 ⁸

173 916 255 987 adeo
275 904 401 981 uastata
422 920 484 986 est,
514 920 554 975 nt
573 927 642 973 non
661 906 774 970 solnm
794 904 959 988 degetasis
978 922 1042 986 pro
1063 903 1252 986 <legatorios
1272 902 1328 966 vel
1349 922 1423 967 aeva
1442 902 1590 968 Bantius
1611 921 1674 987 pro
1696 906 1776 968 civis
1796 902 1920 970 Borti-

169 1058 243 1119 us,
264 1032 324 1101 sed
343 1034 451 1097 etiam
469 1031 547 1115 stell·
562 1046 625 1111 pro
645 1026 778 1104 medius,
801 1018 1083 1108 quemadmodum
1102 1020 1212 1105 Ponpr'
1231 1040 1295 1106 pro
1316 1018 1453 1102 Papius,
1476 1022 1626 1109 legatur:
1648 1022 1780 1087 Meddt's
1801 1018 1921 1087 contre

170 1174 236 1243 pro
258 1152 396 1223 ueddis
417 1152 520 1213 etiam
538 1145 687 1213 Meddisr
707 1165 783 1209 cum
804 1144 974 1229 geminata
992 1162 1028 1206 ss
1048 1142 1220 1207 scribitur.
1255 1140 1347 1223 Quot
1367 1138 1476 1203 modis
1498 1141 1581 1203 Osca
1602 1143 1739 1204 nomina
1759 1152 1795 1205 et
1814 1142 1919 1205 verba

169 1276 366 1351 flectantur,
385 1266 521 1333 deliniri
541 1266 601 1329 vix
622 1273 746 1350 potest:
769 1264 833 1327 etsi
854 1262 945 1325 enim
964 1262 1137 1348 genitivus
1147 1262 1322 1324 nominum
1343 1261 1378 1322 in
1390 1280 1438 1339 os,
1456 1262 1514 1336 eis,
1537 1278 1583 1333 es,
1604 1269 1638 1323 et
1659 1260 1759 1323 tertis
1780 1279 1921 1344 persona

170 1392 360 1461 vorborum
377 1391 414 1453 in
435 1384 490 1464 od,
510 1384 561 1464 ed,
582 1384 627 1462 id,
651 1383 744 1447 exire
765 1382 862 1461 solet,
890 1380 997 1466 magis
1019 1388 1130 1443 tamen
1152 1380 1242 1444 inter
1261 1399 1297 1441 se
1319 1376 1481 1441 differunt
1501 1379 1645 1465 genitivi
1664 1380 1780 1443 molins
1800 1388 1836 1444 et
1857 1380 1921 1443 tri-

174 1510 314 1579 tntatse
329 1510 399 1571 sive
420 1502 599 1569 tribulabar·
618 1501 676 1565 vel
695 1502 877 1587 participia
898 1500 1029 1564 deicons
1050 1507 1086 1561 et
1106 1500 1223 1578 siloas,
1244 1495 1401 1581 volquod
1423 1505 1492 1560 tam
1516 1500 1596 1561 terei
1614 1506 1799 1581 proterrere
1819 1518 1922 1581 quam

176 1626 338 1701 emti
354 1642 419 1709 pro
442 1622 587 1686 tltesoors'
606 1620 752 1705 legatur.
794 1618 875 1683 Non
895 1619 1007 1679 miuus
1028 1616 1191 1680 differunt
1212 1615 1353 1680 ablativi
1379 1615 1524 1698 pluralis
1545 1616 1680 1678 numeri
1702 1614 1925 1699 triburoddt'sf

112 1798 122 1817 .
177 1758 215 1815 et
233 1742 373 1823 stanteis,
399 1744 464 1805 etsi
485 1743 522 1805 in
543 1738 668 1822 seidors
687 1718 810 1821 posstis
831 1754 894 1820 pro
915 1736 1042 1820 ficubus
1061 1738 1183 1818 positia
1210 1745 1369 1819 quartum
1389 1730 1583 1796 declinandi
1608 1753 1713 1821 genus
1733 1754 1753 1799 a
1772 1734 1920 1800 secundo

177 1864 367 1931 discernere
388 1860 482 1939 licet,
510 1868 609 1944 atquo
628 1868 698 1922 tam
725 1858 896 1945 genitivus
916 1856 1099 1941 singularis
1119 1853 1274 1921 Senoteis
1302 1870 1403 1937 quom
1422 1854 1633 1915 accusativus
1654 1853 1794 1937 pluralis
1814 1853 1922 1935 sebois

173 1976 220 2047 sd'
233 1988 389 2065 quartem
410 1976 672 2041 declinationem
694 1976 819 2039 referri
839 1983 960 2059 potest.
1004 1973 1092 2036 Tria
1118 1991 1242 2061 genera
1272 1972 1374 2035 facile
1403 1970 1668 2057 dignoscuntur,
1700 1941 1811 2035 dualis
1835 1991 1920 2037 vero

170 2098 306 2185 umeri
327 2096 520 2183 exemplum
541 2092 771 2158 desideratum
803 2094 981 2157 vocativus
1003 2111 1071 2153 non
1092 2091 1231 2178 legitur,
1260 2090 1402 2173 reliquis
1430 2089 1561 2152 casibus
1589 2099 1703 2153 sutem
1730 2088 1861 2155 accedit
1886 2101 1923 2157 et

166 2214 290 2281 localis
311 2215 442 2281 Nostat
464 2212 595 2293 (Nolae)
617 2222 651 2275 et
671 2210 949 2275 determinativas
970 2220 1065 2271 terem
1085 2213 1158 2270 sive
1180 2219 1293 2270 terente
1315 2208 1363 2283 (in
1386 2208 1500 2288 terro).
1544 2206 1677 2271 Gradus
1698 2212 1923 2293 comparatio·

167 2334 220 2399 nie
238 2335 448 2423 agnoscoin
468 2349 557 2394 mous
579 2323 786 2408 (majoribus)
813 2334 849 2390 et
875 2328 1005 2389 moimos
1032 2322 1227 2403 (maximoe),
1259 2342 1461 2405 quamquam
1489 2325 1653 2407 pluralem
1682 2329 1819 2391 seesima
1843 2310 1922 2393 cum

171 2451 327 2543 genitivo
347 2451 496 2511 nesimten
517 2451 553 2507 et
573 2444 722 2505 ablativo
743 2444 892 2504 scrineis
912 2460 976 2522 pro
996 2442 1152 2523 positivis
1179 2442 1322 2523 accipio.
1367 2439 1511 2524 Insignis
1534 2449 1585 2501 est
1607 2445 1844 2522 pronominum
1864 2446 1923 2510 de·

171 2565 477 2635 monstrativorum
498 2561 607 2645 copia,
638 2576 738 2643 quam
758 2575 858 2621 voces
879 2559 965 2635 ioue,
994 2575 1075 2621 croc
1095 2565 1129 2620 et
1149 2557 1249 2635 erac,
1282 2554 1369 2636 esus,
1401 2574 1499 2636 erm,
1527 2559 1628 2639 ainus,
1656 2560 1721 2625 isio
1749 2572 1784 2625 et
1811 2566 1921 2647 eineis,

177 2688 324 2755 m
343 2683 382 2747 in
402 2666 548 2743 Banbna
568 2676 696 2754 tabula,
724 2676 789 2739 isai
810 2678 873 2753 eoi,
902 2674 958 2740 iols
978 2683 1012 2737 et
1032 2675 1117 2739 aidila
1137 2677 1174 2736 in
1196 2674 1360 2738 Abellano
1389 2693 1481 2753 saxo,
1510 2675 1608 2741 edred
1629 2686 1664 2741 et
1690 2681 1748 2743 ints
1767 2683 1804 2743 in
1825 2680 1922 2747 Pom·

176 2806 296 2891 psjm
313 2799 536 2883 imoriptione
558 2804 622 2859 cet.
646 2801 823 2859 testantur.
867 2792 907 2855 In
939 2792 1131 2857 nominibus
1152 2793 1232 2857 Osci
1258 2812 1354 2876 saepe
1383 2790 1608 2874 deminutiva,
1641 2806 1681 2861 ut
1709 2798 1854 2879 Iiimr'tel,
1886 2804 1923 2865 in

176 2922 290 2989 verbis
310 2928 429 2985 contra
449 2914 628 2994 intensiva,
648 2920 690 2975 nt
708 2912 827 2991 situas
848 2911 1028 2986 deivatuns,
1049 2911 1226 2998 ponebant.

608 3115 856 3235 Appendis
884 3110 922 3199 1.
954 3116 1010 3204 dc
1042 3115 1253 3205 Oscorum
1282 3124 1473 3234 eripiare.

344 3268 456 3353 Quum
477 3268 563 3331 Osca
584 3265 702 3353 lingna
722 3284 764 3329 ex
785 3265 841 3344 iis,
873 3282 961 3347 quae
989 3265 1207 3347 interpretati
1234 3284 1359 3343 sumus,
1390 3283 1458 3327 non
1480 3266 1624 3351 amplius
1648 3268 1809 3335 sisteris
1828 3275 1924 3357 quasi

179 3388 363 3479 incognita,
383 3405 448 3475 pro
468 3405 505 3450 se
527 3386 669 3470 quisque
689 3383 790 3447 facile
808 3382 992 3471 intelliget,
1015 3383 1117 3446 Oscos
1137 3385 1266 3467 pariter
1286 3391 1384 3465 atque
1404 3383 1593 3463 Auruncos,
1606 3384 1761 3469 Volscos,
1781 3389 1924 3456 Latinos

178 3518 215 3574 et
232 3504 379 3589 ,Umbros
401 3524 478 3569 cum
499 3503 646 3567 Sabellis
666 3501 822 3567 omnibus
843 3521 914 3565 esse
935 3522 977 3565 ex
996 3500 1171 3566 Ausonum
1191 3511 1302 3589 gente,
1332 3520 1417 3584 quae
1443 3504 1624 3565 maximam
1651 3515 1783 3590 partem
1805 3508 1923 3575 ltaliae

177 3626 263 3691 olim
282 3620 414 3687 insedit.
456 3623 550 3706 Quae
571 3624 662 3685 enini
683 3621 882 3686 observatur
903 3618 1104 3698 differentia,
1126 3640 1195 3683 nou
1215 3620 1325 3700 major
1344 3621 1529 3704 antiquitus
1550 3623 1628 3702 fuit,
1649 3643 1749 3706 quam
1769 3648 1834 3710 qua
1854 3626 1925 3693 dia·

179 3744 262 3807 lecti
280 3742 380 3805 nnius
402 3738 616 3823 ejusdemque
638 3742 803 3803 sermonis
823 3760 885 3824 per
905 3741 1019 3805 varios
1041 3758 1135 3803 casus
1156 3748 1304 3803 mutatae
1325 3735 1572 3804 discernuntur.
1614 3742 1663 3804 lla
1683 3753 1807 3825 antem,
1839 3766 1924 3830 quae

106 3902 120 3931 .
177 3862 370 3926 communia
389 3861 530 3923 inerunt
550 3860 704 3924 omuibus
724 3858 896 3923 Ausonum
925 3858 1076 3944 populis,
1108 3857 1313 3945 Pelasgicam
1333 3854 1543 3921 Graecorum
1569 3857 1723 3924 redolere
1745 3864 1922 3951 originem,

179 3981 285 4067 tnagis
305 3980 410 4043 etiam
430 3978 619 4063 apparebit,
647 3996 749 4062 quum
770 3977 856 4039 mihi
876 3979 986 4040 otium
1005 3979 1122 4056 luerit,
1149 3976 1405 4041 vocabularium
1426 3977 1634 4041 Ausonicum
1661 3998 1739 4043 cum
1758 4001 1923 4069 gramma·

180 4100 249 4163 tica
265 4095 428 4161 Umbrica
449 4093 656 4161 elaborandi.
697 4096 767 4159 Hic
788 4116 895 4159 unum
916 4095 1108 4183 exemplum
1128 4096 1164 4159 in
1185 4093 1335 4160 medium
1356 4096 1536 4180 protulisse
1554 4098 1713 4179 sufficiat,
1736 4097 1826 4163 unde
1846 4101 1922 4166 luce

177 4214 306 4279 clarius
325 4213 499 4294 elucescit,
530 4225 693 4297 quatenus
719 4217 871 4278 omnium
899 4216 1107 4299 populorum
1134 4214 1251 4278 ltaliae
1279 4235 1321 4277 ex
1340 4214 1512 4279 Ausonum
1532 4226 1632 4304 gente
1652 4218 1788 4304 linguae
1809 4222 1923 4303 prisco

177 4320 388 4397 Graecorum
407 4335 556 4395 sermoni
582 4334 639 4396 vel
667 4334 793 4396 similes
821 4336 950 4398 luerint
970 4335 1026 4398 vel
1054 4331 1245 4397 dissimiles.
1289 4332 1449 4415 Quamvis
1475 4332 1607 4397 diversa
1638 4333 1817 4399 videantur
1837 4336 1924 4402 Osca

177 4450 284 4515 verbs
302 4468 379 4515 sone
396 4452 463 4531 pis,
476 4448 602 4513 Volsca
621 4454 720 4533 sepis,
731 4450 891 4515 Umbrica
910 4472 967 4517 sne
984 4455 1041 4536 pis
1061 4453 1134 4517 sive
1153 4455 1256 4534 sopir,
1277 4452 1402 4515 Latina
1421 4454 1470 4516 sei
1479 4455 1563 4537 qvis,
1585 4471 1606 4516 a
1626 4449 1765 4516 Graecis
1786 4446 1920 4538 εἴτις,

177 4588 276 4635 nemo
298 4576 411 4633 umen
433 4566 601 4631 Germana
619 4590 657 4633 so
677 4590 741 4635 mer
768 4568 929 4649 (Gothico
948 4592 1015 4636 saon
1035 4571 1135 4653 dans)
1163 4590 1226 4656 pro
1255 4590 1344 4634 mean
1362 4572 1498 4653 jemand
1523 4569 1680 4649 (Gothiae
1703 4571 1800 4653 judei
1820 4570 1922 4655 dnos)

180 4686 236 4753 val
253 4687 322 4753 alia
332 4685 559 4751 Senseriticao
579 4688 695 4772 stirpis
716 4687 880 4754 vocabula
899 4690 1068 4755 similiora
1087 4691 1219 4776 putabit
1238 4692 1440 4773 antiquitus:
1463 4692 1532 4755 imo
1554 4710 1659 4775 quum
1678 4693 1826 4755 rationes
1846 4711 1923 4777 per·

178 4806 338 4893 erexerit,
359 4806 481 4891 quibus
503 4813 677 4869 mutentur
698 4808 831 4887 literae,
853 4821 922 4875 tam
932 4809 1078 4876 Graecas
1099 4809 1282 4894 particulas
1302 4805 1339 4875 ἐι
1359 4821 1394 4874 et
1413 4804 1489 4890 ἔτι,
1510 4830 1612 4894 quam
1630 4811 1772 4874 Latinas
1791 4819 1836 4887 et,
1857 4813 1920 4892 ito,

181 4942 223 4989 sn
243 4925 382 5011 antiqno
404 4925 603 5009 pronomine
622 4926 666 5004 is,
697 4928 978 5014 quemadmodum
1002 4930 1161 4995 Latinam
1186 4931 1239 4994 sic
1264 4948 1308 4991 cx
1328 4928 1414 4993 Osca
1438 4931 1504 4994 iric
1521 4930 1596 4995 sive
1615 4931 1727 5009 eiseic,
1758 4926 1920 4997 Umbrica

1428 5096 1449 5159 t
