4244 5722
543 1814 1446 1924 Praefatio.

837 2135 879 2141 .-.
884 2130 1198 2141 -.-.........---—

179 2335 182 2341 ·
634 2292 697 2369 'n

311 2391 506 2521 Peractis
538 2443 635 2534 illis,
677 2466 928 2541 quaecumque
959 2442 1055 2514 mihi
1087 2439 1353 2538 praemittenda
1381 2438 1599 2512 videbuntur
1634 2438 1870 2536 Iguvinatem

150 2597 354 2671 tabularum
379 2542 761 2690 interpretationibus,
798 2590 1092 2688 antiquissimam
1118 2592 1309 2678 omnium,
1344 2600 1510 2685 quartam
1535 2590 1673 2666 seilicet
1695 2552 1870 2687 tabulam,

150 2773 246 2820 nuuc
272 2770 451 2842 exponere
477 2768 604 2835 conor,
636 2745 773 2840 quippe
797 2768 869 2840 qua
892 2743 1006 2816 simul
1029 2741 1208 2838 plurimas
1232 2739 1496 2815 Umbricorum
1519 2743 1717 2816 nominum
1739 2747 1869 2818 verbo·

150 2921 294 2988 rumve,
320 2921 412 2993 quae
436 2897 587 2993 quidem
611 2897 658 2968 ad
682 2905 847 2968 nostram
871 2904 1026 2967 aetatem
1057 2904 1312 2988 pervenerunt,
1342 2893 1518 2966 flexiones
1549 2896 1734 2969 discimus.
1786 2897 1870 2981 Quo

147 3049 291 3121 facilius
316 3058 439 3121 autem
464 3071 575 3119 omne
598 3046 699 3118 illius
724 3045 867 3118 tabulae
892 3053 1150 3158 argumentum
1174 3045 1456 3139 perspiceretur,
1487 3049 1769 3140 commentario,
1795 3073 1869 3145 quo

148 3199 290 3294 singula
314 3200 520 3294 probarem,
545 3197 814 3269 interlinearem
832 3197 1037 3268 versionem
1052 3195 1355 3290 praemittendam
1379 3197 1518 3291 putavi,
1543 3197 1770 3296 singulisque
1792 3222 1869 3274 ssc-

146 3352 308 3422 tionibus
345 3357 554 3445 argumenta
589 3349 813 3419 brevissimis
846 3348 967 3419 verbis
1004 3346 1231 3441 praescripsi.
1284 3347 1328 3418 In
1362 3347 1528 3419 versione
1560 3370 1645 3420 vero
1680 3374 1721 3421 aa
1758 3353 1868 3424 verba

146 3503 270 3595 potius
297 3500 410 3596 elegi,
449 3524 540 3595 quus
565 3499 751 3572 Umbricis
783 3509 903 3570 essent
936 3497 1146 3589 simillima,
1185 3522 1295 3593 quam
1329 3521 1421 3592 quas
1458 3497 1561 3571 stilus
1595 3501 1689 3572 bene
1713 3501 1867 3576 Latinus

146 3663 328 3747 posceret,
345 3652 499 3748 ‘quippe
524 3674 640 3745 quum
666 3647 841 3722 Umbrica
873 3649 1055 3722 illustrare
1080 3648 1249 3742 mallem,
1288 3653 1515 3746 quambene
1540 3651 1672 3724 Latius
1697 3656 1865 3729 scribere.

146 3804 305 3875 Nomina
329 3804 496 3898 propria,
535 3825 692 3897 quorum
725 3801 860 3872 similia
893 3805 991 3896 apud
1015 3803 1198 3874 Romanos
1234 3802 1426 3899 scriptores
1460 3827 1534 3874 non
1568 3802 1756 3897 leguntur,
1790 3830 1875 3879 non·

31 3940 42 3958 ⁸
144 3964 285 4027 mutata
308 3942 525 4049 plerumque
550 3953 706 4044 reddidi,
731 3963 778 4043 et,
804 3978 861 4043 ne,
888 3955 985 4048 quod
1011 3953 1106 4025 mihi
1131 3955 1203 4049 ipsi
1227 3953 1396 4048 placeret,
1426 3955 1515 4026 alios
1542 3978 1686 4050 quoque
1710 3958 1865 4050 probare

144 4129 334 4200 cogerem,
371 4129 418 4177 ne
442 4100 590 4178 Fidium
615 4105 766 4200 quidem
792 4101 951 4180 sancum
977 4105 1053 4177 sive
1078 4101 1271 4196 sanctem,
1305 4128 1396 4200 quae
1421 4108 1570 4178 nomine
1595 4107 1633 4176 in
1659 4096 1864 4204 inscriptio-

142 4258 251 4328 nibus
276 4257 450 4329 Romenis
476 4266 511 4327 et
536 4255 808 4328 Veronensibus
833 4255 1025 4352 leguntur,
1062 4281 1129 4350 pro
1155 4254 1194 4328 F
1191 4256 1244 4329 ise
1271 4252 1418 4331 Suu‘eio
1453 4255 1514 4328 vel
1539 4254 1702 4330 Mortem
1729 4256 1864 4336 Gradi·

141 4430 224 4480 cum
246 4376 470 4503 pro'Murle
497 4403 680 4480 Grabocie
706 4409 942 4480 scribendum
960 4409 1096 4504 putavi.
1136 4408 1245 4489 Quod
1271 4409 1303 4479 si
1319 4409 1497 4499 iecissem,
1524 4402 1633 4480 etiarn
1659 4431 1732 4481 urs
1746 4408 1877 4521 Fidic-

140 4581 208 4651 pro
233 4570 353 4631 monte
377 4554 501 4648 Fieio,
536 4568 571 4629 et
595 4555 751 4661 Jupiter
775 4556 833 4629 vel
857 4555 1008 4632 Faenus
1034 4530 1216 4633 Gradiuus
1241 4583 1309 4655 pro
1335 4557 1428 4634 Jove
1452 4560 1510 4631 vel
1542 4557 1695 4654 Vofione
1723 4559 1861 4637 Grcbo-

140 4708 202 4781 uio
227 4709 461 4794 scribendum
486 4710 580 4781 mihi
605 4710 753 4802 fuisset,
791 4712 855 4806 qui
878 4735 925 4783 ne
951 4708 1146 4807 Iguvinam
1172 4709 1322 4809 quidem
1347 4709 1472 4785 urbem
1495 4713 1535 4783 in
1561 4710 1733 4809 Iguuium
1757 4717 1861 4806 verti,

74 4948 80 4961 Ι
140 4884 187 4931 ne
212 4861 372 4933 nominis
397 4885 511 4957 genus
534 4870 755 4953 mutaretur,
788 4861 848 4933 vel
877 4863 1109 4936 damnaretur
1143 4861 1299 4936 aliomm
1333 4864 1530 4954 sententis,
1552 4867 1634 4960 ‘qui
1667 4867 1705 4937 iu
1738 4868 1859 4941 verbis
