4244 5722
283 793 371 876 lum,
392 797 615 863 Romanorum
635 795 771 879 domm,
806 806 924 862 contra
943 797 1069 864 Poenos
1089 798 1285 884 Siculosque
1310 818 1385 861 cum
1412 799 1514 863 olasse
1534 799 1784 886 navigaturum,
1804 818 1919 885 v‹puuru
1939 801 2004 866 soli

284 911 407 978 Vestae
425 934 492 978 non
512 916 650 997 litasset,
672 916 847 981 adversum
866 912 1019 979 habuisse
1038 927 1174 982 ventum
1194 918 1323 998 rotulit,
1345 915 1453 998 addit.
1490 917 1627 982 Vestam
1646 921 1817 982 misertum
1834 928 1901 1006 pro
1917 920 2003 1001 fllia,

284 1051 369 1119 qnae
396 1051 437 1096 ex
466 1033 765 1121 haruspicisjussu
788 1033 960 1099 mamanda
979 1037 1130 1115 luissets
1144 1037 1316 1116 juvencam
1343 1036 1535 1118 subjecisse,
1567 1035 1842 1122 quemadmodum
1860 1035 2003 1108 Dianam

179 1197 181 1200 ⁴
241 1134 245 1143 ⁴
284 1167 345 1233 pro
367 1148 541 1240 Iphigenia
559 1146 598 1216 iii
617 1152 741 1218 Aulide
761 1173 904 1217 cervam
946 1153 968 1215 J
973 1155 1069 1216 ovis
1089 1173 1128 1217 ea
1148 1152 1242 1216 audit
1262 1157 1297 1217 in
1318 1153 1465 1242 Iguvinis
1485 1154 1625 1234 tabuiis,
1651 1165 1692 1219 ut
1709 1146 1813 1242 ἡμένη
1831 1149 2000 1247 lucidior

282 1266 371 1350 apud
390 1269 584 1355 Euripidem
605 1275 641 1334 in
662 1275 778 1359 fragm.
801 1273 872 1338 178.
894 1291 915 1336 e
934 1271 1086 1336 Macrob.
1104 1270 1174 1334 Sat.
1194 1272 1222 1352 1,
1244 1274 1295 1338 23.
1316 1273 1338 1335 J
1344 1290 1425 1334 uno
1447 1268 2001 1338 aethereaetnutrix.1ovis

282 1383 370 1469 apud
388 1385 594 1452 Mattianum
615 1388 785 1475 Capellam
801 1389 846 1468 II,
870 1388 899 1472 ξ.
923 1392 992 1456 168.
1015 1388 1043 1468 1,
1067 1389 1095 1473 p
1115 1387 1389 1464 72,'custodia
1407 1389 1525 1453 Jovis
1546 1388 1634 1474 apud
1653 1387 1894 1479 Pythagoreos,
1927 1393 2003 1474 quis

280 1503 370 1593 lovi,
390 1505 543 1586 lunoni,
563 1506 872 1572 Minervaeaddita
893 1517 957 1585 cst,
988 1505 1140 1577 Macrob.
1161 1506 1196 1570 S.
1219 1506 1281 1586 111,
1302 1507 1346 1584 4.,
1364 1510 1533 1589 'tanquam
1562 1527 1629 1569 una
1655 1504 1798 1570 deorum
1815 1505 2002 1576 Penatium.

281 1617 471 1686 Secundum
491 1623 659 1689 ,Servium
689 1623 732 1688 ad
762 1625 860 1713 Vir-g.
883 1624 975 1704 at,
1006 1627 1098 1702 291„
1129 1626 1207 1706 quia
1236 1624 1369 1687 nullum
1399 1625 1600 1687 sacrificinm
1627 1627 1700 1688 sine
1732 1627 1810 1715 igne
1840 1635 1936 1704 erat,
1967 1625 2004 1687 in

282 1740 434 1803 omnibns
454 1743 672 1807 invocabatur
701 1744 883 1806 sacrificiis.
925 1741 1046 1807 Graeci
1076 1740 1225 1824 qudam,
1256 1752 1297 1805 nt
1315 1740 1533 1826 spanhemius
1551 1745 1589 1804 in
1610 1739 1749 1808 Graevii
1767 1741 1868 1808 Thes.
1883 1740 2002 1824 hatiq.

279 1855 373 1920 Rom.
397 1858 514 1939 T.‡V‚.
528 1882 560 1945 p.
573 1865 644 1928 664.
666 1859 772 1939 docet,
795 1861 918 1924 Vestae
937 1869 1006 1922 tam
1024 1861 1151 1945 primae
1171 1867 1273 1942 ρἰιαιη
1292 1868 1458 1921 cauernae
1477 1878 1572 1922 sacra
1592 1861 1704 1955 tacere
1724 1859 1895 1941 solebant,
1914 1855 2003 1923 unde

282 1973 347 2051 iam
368 1978 403 2039 in
422 1976 552 2059 hymnis
568 1978 709 2040 Homer.
728 1969 829 2064 'Ioss'p
849 1980 897 2040 sic
918 1979 1110 2040 invocatur:

689 2092 807 2160 Καλὸν
827 2089 947 2176 ἔχουσα
966 2090 1066 2180 γέρας
1085 2089 1143 2159 aci
1161 2085 1268 2178 τιμήν·
1290 2086 1329 2158 οὐ
1343 2070 1412 2178 Ῑγὰρ
1433 2083 1515 2180 ἔτερ
1535 2094 1579 2160 oei

688 2201 874 2277 Εἱλαπίναν
888 2212 1076 2297 θνητοῖσιν,
1096 2201 1137 2274 ἵν’
1160 2201 1182 2274 ai
1202 2202 1320 2298 πρώτῃ
1339 2204 1476 2298 πυμάτῃ
1495 2231 1532 2278 se

684 2324 785 2416 Ἰστέῃ
807 2321 987 2415 ἀρχόμενος
1007 2327 1139 2394 σπένδει
1157 2324 1321 2415 μηλιηδέα
1342 2318 1440 2394 οἶνον.

280 2444 323 2510 At
342 2443 429 2510 idem
460 2450 516 2513 vir
547 2447 663 2512 doctus
684 2469 757 2537 pag.
779 2468 845 2531 seq.
870 2446 985 2525 docet,
1015 2447 1198 2525 Romanos,
1231 2449 1288 2529 qui
1309 2446 1489 2509 secuudum
1510 2445 1706 2513 Ciceronem
1724 2449 1749 2511 l.
1771 2448 1796 2515 l.
1816 2448 2003 2535 principem

278 2567 314 2627 in
334 2565 547 2629 sacrificando
567 2568 689 2630 Jartum
709 2588 778 2630 esse
797 2567 992 2643 voluerunt,
1024 2566 1123 2627 finem
1143 2584 1314 2628 sacrorum
1339 2586 1358 2627 a
1379 2566 1501 2630 Vestae
1522 2568 1615 2631 cultu
1634 2569 1777 2653 petiisse.
1829 2567 1919 2632 Bam
1937 2567 2002 2654 igi·

278 2691 336 2744 tur
356 2681 542 2754 Cremerae
562 2684 606 2747 ad
626 2706 683 2761 ea,
705 2706 790 2768 quae
811 2683 929 2747 Cicero
950 2685 1099 2766 scripsit:
1123 2682 1187 2760 „In
1207 2701 1246 2745 ea
1266 2680 1337 2762 dea,
1359 2703 1442 2766 quae
1463 2694 1511 2748 est
1530 2704 1645 2748 rerum
1665 2693 1774 2750 custos
1794 2686 1998 2763 intimum,

279 2804 386 2863 omnis
407 2812 440 2865 et
459 2807 608 2888 precatio
631 2813 665 2867 et
684 2804 881 2866 sacrificatio
903 2812 1049 2865 extrema
1070 2797 1162 2877 est‚“
1194 2798 1274 2862 hacc
1295 2805 1481 2865 annotavit:
1513 2802 1702 2882 Davisium,
1732 2803 1791 2886 qui
1808 2799 1887 2866 haee
1906 2805 2001 2866 reiu-

278 2928 351 2981 tare
370 2920 498 2998 voluit,
519 2941 635 2984 rursus
657 2924 816 2984 refutavit
835 2920 1001 2982 Mariuius
1022 2921 1058 2979 in
1077 2915 1169 2979 Actis
1189 2918 1241 2978 Fr.
1264 2917 1378 2982 Arval.
1402 2942 1433 3004 p.
1456 2922 1517 2986 378
1538 2919 1610 3004 sq.“
1635 2921 1716 2984 haec
1736 2922 1808 3005 ipss
1824 2940 1903 2985 cum
1921 2920 2000 2984 aliis

279 3035 504 3100 Romanorum
532 3017 630 3126 Virg.
663 3038 702 3103 G.
726 3038 753 3100 Ι.
776 3040 848 3105 498.
881 3037 1003 3114 Vellei.
1030 3034 1065 3096 P.
1087 3035 1132 3114 11,
1156 3039 1224 3102 131.
1256 3036 1333 3101 Juv.
1365 3035 1400 3099 S.
1422 3035 1480 3116 Vl,
1501 3036 1573 3104 385.
1604 3040 1803 3103 testimoniis
1832 3055 2001 3123 opponens

276 3157 460 3218 rationibus
480 3176 499 3219 e
520 3155 654 3219 Graecia
676 3157 894 3242 scriptoribus
909 3153 1034 3221 ductis.
1137 3138 1140 3146 ¹
2070 3129 2072 3133 ι

439 3278 490 3341 30.
535 3275 739 3358 Porphyrius
761 3271 841 3360 περὶ
861 3264 989 3357 ἀποχῆς
1010 3262 1166 3358 ἐμψύχων
1187 3271 1230 3332 11.
1254 3293 1327 3360 pag.
1351 3274 1442 3353 125„
1475 3276 1533 3356 qui
1553 3272 1697 3336 Graecos
1714 3276 1767 3338 ait
1784 3275 1951 3360 primum,
1979 3292 2000 3337 a

276 3389 379 3453 Vesta
399 3391 538 3455 deorum
555 3394 753 3456 coelestium
779 3412 871 3455 sacra
892 3395 1111 3476 auspicantes,
1148 3410 1214 3452 non
1240 3391 1377 3472 myrrha
1398 3402 1456 3455 ant
1476 3394 1580 3471 omia,
1612 3390 1671 3454 ssd
1690 3391 1801 3458 herbis
1819 3410 1899 3455 usos
1917 3409 1997 3470 esse,

276 3505 317 3570 de
338 3513 481 3592 antiquis
501 3511 572 3572 illis
592 3512 795 3596 temporibus
816 3511 986 3592 loquitur,
1008 3509 1126 3590 quibus
1146 3506 1326 3570 secundum
1347 3506 1445 3572 Ovid.
1467 3509 1501 3571 F.
1523 3509 1551 3588 1,
1572 3510 1635 3576 339
1655 3530 1723 3593 sqq.

509 3659 512 3667 ·
533 3692 535 3699 ,
558 3663 559 3667 =
682 3626 839 3691 Nondum
860 3626 1045 3711 pertulerat
1064 3627 1252 3688 lacrimatas
1272 3628 1399 3688 cortice
1418 3625 1571 3708 myrrhas

745 3745 829 3807 Acta
850 3764 909 3828 per
929 3762 1108 3826 aequoreas
1129 3743 1258 3828 hospita
1279 3746 1372 3807 navis
1393 3764 1512 3827 aquas3

683 3864 777 3926 Tura
796 3882 856 3924 uec
876 3860 1076 3945 Euphrates,
1098 3880 1159 3923 nsc
1179 3863 1316 3925 miserat
1335 3860 1432 3924 India
1452 3873 1591 3943 costum,

743 3980 815 4043 Nec
835 3983 967 4041 fuerant
986 3979 1082 4040 rubri
1103 3980 1235 4065 cognita
1254 3979 1311 4041 fila
1332 3982 1434 4042 croci.

275 4095 366 4180 Idem
385 4103 482 4184 potita
501 4102 534 4162 F.
557 4100 619 4180 IV,
640 4103 711 4168 731.
735 4103 771 4162 in
792 4098 951 4161 Palilibus
969 4098 1090 4159 cecinit
1110 4094 1162 4175 id,
1192 4094 1281 4178 quod
1302 4100 1336 4159 iu
1356 4097 1507 4185 Iguvinis
1527 4097 1650 4162 tabulis
1669 4096 1782 4162 verbio
1802 4095 1996 4188 udwchs'e

274 4237 536 4302 repraestare,
557 4219 589 4280 h.
614 4240 641 4282 e.
665 4221 851 4282 suffimenta
873 4237 949 4278 cum
969 4215 1101 4278 turibus
1122 4211 1305 4293 incondito,
1327 4216 1546 4299 praecipitur:

684 4338 711 4417 1,
733 4347 809 4422 pete
829 4338 999 4421 virginea,
1020 4332 1182 4417 populus,
1203 4334 1356 4394 suffimen
1376 4332 1417 4394 ab
1438 4351 1514 4394 ara:

743 4454 847 4517 Vesta
867 4451 976 4530 dabit3
999 4450 1121 4513 Vestae
1142 4469 1279 4513 munere
1298 4469 1402 4534 purus
1423 4451 1500 4511 eris.

276 4575 386 4658 Quum
406 4577 509 4638 simili
530 4575 629 4638 modo
648 4574 763 4636 Davus
784 4569 873 4657 apud
892 4569 1089 4632 Terentium
1109 4567 1211 4630 Andr.
1234 4567 1297 4647 IV,
1317 4569 1350 4646 3,
1373 4568 1422 4630 11.
1445 4564 1597 4629 dixisset:
1633 4566 1707 4645 „Ex
1726 4586 1785 4630 ara
1804 4566 1885 4632 hinc
1905 4588 1995 4635 sume

275 4693 432 4757 verbenas
452 4691 563 4773 tibi‚“
594 4690 802 4778 Eugraphius
823 4690 1010 4751 annotavit:
1044 4685 1229 4764 „Romanis
1254 4683 1404 4746 omnibus
1431 4702 1503 4745 mos
1528 4691 1577 4747 est
1602 4683 1637 4746 in
1664 4685 1773 4764 atrio,
1804 4685 1868 4755 hos
1890 4688 1992 4751 estin

274 4812 454 4889 vestibulo,
485 4811 607 4873 habere
628 4809 763 4872 Vestam
771 4821 783 4887 ,¹
814 4809 869 4868 cni
889 4803 1087 4868 sacrificium
1108 4799 1257 4886 quotidie
1277 4799 1461 4865 iacerent.“
1513 4800 1642 4865 Verum
1663 4800 1744 4867 haec
1764 4805 1934 4869 sufficiant
1951 4803 1992 4868 de

274 4925 338 4990 diis
357 4926 533 4991 [imbricis.
580 4926 640 4990 Dii
671 4927 776 5006 enim,
808 4942 889 5007 quos
909 4919 1195 5010 spangenbergius
1226 4919 1262 4980 in
1292 4921 1567 4984 commentatione
1597 4941 1657 4985 sua
1685 4919 1728 4986 de
1757 4923 1881 4988 veteris
1901 4923 1990 4987 tatii
