4244 5722
898 606 1103 670 ..7-

130 779 255 856 tabule
275 781 354 873 jam
371 781 484 853 remo
498 788 584 874 post
601 777 760 853 Romam
776 772 964 846 conditam
976 768 1274 847 munimenti
1298 781 1425 867 mque
1450 771 1605 845 utun.
1644 771 1726 846 Sed
1744 774 1865 849 hume

129 912 211 974 tum
236 919 387 994 proruas
412 897 485 969 boe
508 905 564 970 est
586 895 779 986 iudicium,
805 891 982 986 quoniam
996 883 1207 960 subdam
1224 885 1374 960 illerum
1395 912 1517 963 samo
1538 892 1585 963 in
1601 901 1746 963 tantm
1764 890 1865 964 band

128 1012 261 1105 differt,
286 1016 326 1086 in
343 1023 525 1128 quartum
546 1013 660 1084 trium
682 1006 892 1080 seculorum
913 1008 1090 1083 desinens
1110 1005 1248 1100 puoritq
1267 1005 1434 1100 ‘reliquae
1446 1009 1554 1080 enim
1574 1007 1718 1080 tabulae
1732 1008 1864 1082 Tuscis

126 1131 245 1207 literis
276 1133 437 1227 scriptos
474 1125 592 1201 multo
629 1126 796 1220 magis‘
781 1147 824 1198 au
858 1123 1126 1196 vocabulorum
1163 1122 1293 1194 &anns
1318 1135 1490 1218 aquaria
1515 1124 1718 1216 eborum,
1744 1147 1864 1222 quum

125 1270 220 1344 quae
244 1247 389 1324 Latinis
411 1246 530 1321 literis
555 1254 641 1317 sunt
663 1252 841 1317 muratae.
884 1241 1056 1315 *rernm
1077 1238 1266 1329 subulam
1305 1258 1416 1334 quam
1440 1240 1601 1315 {maius
1622 1240 1735 1337 Stffi.
1761 1243 1806 1317 Τ
1825 1245 1863 1319 1

125 1388 208 1459 pag.
247 1363 331 1441 285
370 1375 545 1459 unquam
581 1361 806 1437 uiddissimo
839 1361 1016 1454 scriptun
1050 1355 1197 1446 laudet,
1225 1356 1525 1431 mmmm
1559 1381 1643 1433 esse
1671 1359 1863 1448 nidus,

125 1483 296 1578 wamiis
321 1480 527 1575 argumenti
552 1478 692 1550 ratione
712 1471 842 1548 babitu
866 1474 1019 1572 reliquis
1045 1474 1318 1569 anteponenda
1325 1471 1508 1565 vibatur,
1533 1476 1658 1549 mima
1677 1475 1806 1550 Me
1825 1499 1864 1549 aa

124 1607 266 1671 mutata
299 1599 415 1670 docet.
468 1595 647 1669 homme
677 1593 784 1664 illam
815 1594 1033 1665 antecedunt
1067 1592 1190 1685 prima
1214 1591 1453 1687 secundaque
1479 1593 1651 1684 madae,
1675 1593 1862 1689 minim

123 1715 264 1810 aliquot
288 1713 478 1786 literarum
497 1711 726 1786 dieucum
747 1730 838 1781 cum
863 1710 969 1782 tertia
989 1728 1210 1780 consumes
1228 1709 1381 1780 'bahem
1564 1812 1569 1820 .

288 1847 323 1922 4.
374 1846 429 1921 Ne
453 1857 578 1920 autem
608 1844 800 1919 temeraria
820 1841 916 1917 tides
944 1842 1125 1916 lrabeatur
1147 1843 1361 1938 Bommteri
1386 1836 1533 1934 tabuiis,
1566 1856 1722 1917 monent
1739 1844 1861 1916 mani-

122 1966 211 2036 festa
248 1985 446 2060 operarum
482 1961 589 2057 vitiat
647 1962 711 2052 sic,
749 1972 792 2034 ut
827 1982 946 2034 unum
984 1958 1107 2032 saltim
1145 1958 1361 2065 exemplum
1392 1961 1594 2056 proteram,
1631 1958 1717 2050 vn,
1738 1982 1776 2052 a,
1800 1956 1858 2036 34.

120 2077 395 2156 SABOCAVV
413 2102 487 2177 pro
508 2074 798 2171 smum,
819 2076 911 2171 vll,
936 2102 968 2170 a,
996 2076 1054 2167 ll,
1073 2079 1260 2173 scriptun
1280 2077 1431 2173 legitur.
1477 2076 1639 2150 Minime
1661 2080 1775 2173 igitur
1796 2098 1860 2153 ne·
1916 2136 1929 2153 .

116 2194 287 2292 gligenda
312 2205 368 2269 cst
384 2282 387 2291 ,
402 2193 625 2292 comparatio
651 2217 794 2284 eonmr,
833 2215 925 2292 quae
959 2192 1050 2263 alibi
1081 2193 1380 2294 rectiurproluta
1414 2196 1596 2266 ridentum
1642 2196 1860 2291 nempsmi

119 2310 267 2385 tabulae
292 2311 422 2408 viginti
447 2312 570 2384 literas
587 2318 672 2384 tam
689 2305 885 2407 Uninricm
911 2329 1022 2404 quam
1045 2306 1194 2379 Latinas
1221 2306 1405 2400 exhibent,
1427 2332 1534 2411 quas,
1552 2310 1646 2406 quia
1669 2333 1756 2383 rem
1772 2302 1859 2383 rillu

117 2451 205 2501 rum
231 2427 343 2501 series
367 2430 565 2522 ignoratur,
585 2427 631 2497 in
656 2422 843 2521 alphabeti
861 2418 993 2496 tribula
1012 2422 1297 2525 lithogmphica,
1324 2421 1416 2497 huic
1438 2427 1686 2500 dissertationi
1709 2427 1858 2520 aqam,

119 2570 164 2617 eo
191 2545 333 2636 ordine,
366 2564 440 2638 quo
460 2551 617 2637 propter
636 2538 831 2639 literarum
852 2525 1120 2613 nonnullarum
1145 2541 1432 2637 permutationes
1454 2545 1721 2617 voudbnloruui
1740 2547 1858 2618 niden

119 2661 261 2755 optimc
286 2658 504 2749 instituitur,
529 2655 583 2728 sic
608 2653 855 2750 recensui,'ut
877 2656 1000 2753 prima
1020 2655 1196 2729 columna
1220 2658 1557 2733 literas'Urnbfieas
1572 2672 1734 2756 quartae
1754 2664 1857 2735 tabu·

116 2775 174 2847 lae
201 2770 469 2847 cmn'diversis
487 2773 720 2868 reliquamm
744 2770 953 2847 tabularum
976 2771 1117 2868 figuris,
1151 2776 1310 2848 secunda
1330 2775 1457 2849 literas
1483 2777 1645 2870 Intmas,
1675 2768 1856 2874 quatenus

116 2895 156 2962 in
182 2892 348 2982 v1,V11
374 2890 491 2965 &111
517 2890 650 2962 tabulis
676 2890 792 2962 literis
809 2891 996 2963 Umbricis
1022 2893 1255 2985 respondent,
1280 2895 1385 2966 tertia
1411 2895 1568 2989 denique
1596 2893 1750 2970 Graecas
1770 2897 1856 2969 lito-

115 3033 184 3098 ras,
222 3010 356 3104 quibus
382 3008 589 3098 Umbricas,
624 3008 711 3102 quia
744 3008 876 3080 desunt
901 3007 1151 3103 typographis,
1186 3010 1349 3101 reddam,
1383 3011 1658 3105 complectatur.
1709 3014 1854 3088 Literae

114 3135 237 3196 autem
269 3127 309 3196 in
343 3126 507 3221 quinque
539 3123 669 3196 classes
698 3125 749 3194 sic
783 3125 955 3195 distribui
987 3135 1152 3218 possunt,
1187 3136 1229 3197 ut
1254 3129 1374 3221 prima
1408 3128 1611 3218 4vocales,
1646 3131 1854 3207 secundat

114 3245 303 3338 aspiratae,
338 3244 443 3314 tertia
470 3241 493 3314 4
517 3252 651 3331 mutas,
686 3249 811 3335 quarta
837 3240 861 3313 4
885 3240 1054 3335 liquidas,
1090 3243 1217 3336 quinta
1248 3241 1272 3314 4
1298 3241 1485 3314 sibilantes
1511 3248 1709 3319 contineat:
1749 3246 1853 3321 litera

112 3360 289 3430 dtamen
314 3359 372 3430 bis
397 3367 540 3430 tantum
568 3358 597 3447 l,
627 3357 689 3447 20,
728 3358 825 3428 med.
862 3358 895 3431 dt
934 3357 1000 3446 IV,
1026 3381 1057 3447 a,
1088 3357 1119 3448 l,
1151 3359 1248 3430 med.
1284 3383 1351 3452 pro
1385 3357 1489 3431 litera
1513 3366 1675 3458 aposita
1706 3365 1849 3460 legitur.

111 3472 290 3547 Ceterum
329 3501 349 3546 a
380 3476 596 3548 Latinarum
629 3473 818 3547 literarum
857 3497 1009 3546 recensu
1048 3475 1242 3545 manifesto
1266 3474 1500 3571 intelligitur,
1533 3505 1651 3579 neque
1685 3484 1851 3557 Tuscum

112 3617 233 3688 neque
251 3591 430 3664 Latinum
456 3591 694 3686 alphabetum
721 3590 807 3662 satis
834 3602 960 3687 aptum
977 3592 1089 3663 luisse
1115 3592 1160 3662 ad
1185 3616 1290 3662 veros
1302 3591 1564 3668 Umbricarum
1589 3623 1723 3671 vocum
1741 3626 1849 3673 sonos

108 3710 382 3805 exprimendos,
420 3732 554 3803 eosque
580 3709 687 3779 nobis
726 3708 905 3779 eruendos
940 3733 1018 3780 esse
1052 3733 1097 3778 ex
1127 3709 1317 3803 utriusque
1351 3712 1548 3805 scripturae
1581 3716 1769 3789 varietate:
1808 3721 1848 3792 id

108 3828 211 3921 quod
233 3829 273 3897 in
300 3826 468 3922 sequenti
491 3825 669 3919 particula
694 3826 922 3897 conabimur.
973 3824 1046 3896 Hic
1071 3827 1217 3897 moneri
1244 3826 1411 3915 sufficiat,
1438 3830 1569 3902 Tuscis
1595 3831 1712 3906 literis
1727 3860 1846 3931 neque

108 3943 332 4033 ovocalem,
365 3967 484 4038 neque
509 3942 671 4014 mediam
698 3943 881 4037 quandam
906 3940 1051 4014 literam
1077 3942 1188 4014 scribi
1211 3943 1386 4039 potuisse,
1420 3969 1531 4040 quam
1557 3951 1604 4020 ob
1632 3976 1776 4023 causam
1802 3953 1846 4023 li·
1943 3962 1947 3969 '

107 4072 184 4131 tera
210 4058 232 4133 b
258 4085 278 4131 e
303 4060 522 4131 Latinorum
548 4057 742 4154 alphabeto
769 4069 955 4152 assumpta
981 4069 1059 4149 est3
1086 4083 1131 4129 ex
1156 4060 1322 4153 aspiratis
1347 4085 1434 4132 vero
1459 4062 1587 4155 literis,
1613 4069 1645 4138 si
1671 4071 1715 4140 ab
1741 4067 1845 4141 litera

106 4207 134 4272 φ
159 4176 378 4267 discesseris,
404 4177 546 4249 nullam
562 4175 675 4247 fuisse
701 4177 953 4249 necessariam.
993 4175 1093 4247 Hinc
1113 4175 1219 4247 litera
1242 4195 1263 4271 tt
1290 4201 1485 4273 nusquam,
1511 4180 1615 4253 litera
1639 4197 1678 4273 θ,
1704 4197 1745 4258 ut
1770 4189 1844 4275 jam

104 4296 235 4365 monui
260 4295 319 4364 bis
352 4295 465 4365 modo
490 4316 558 4387 pro
584 4325 603 4366 τ
625 4289 778 4385 legitur,
817 4292 959 4364 additae
994 4303 1079 4365 sunt
1106 4294 1331 4364 econtrario
1365 4308 1506 4392 praeter
1532 4296 1554 4371 b
1579 4299 1724 4373 literam
1746 4303 1842 4379 duae

104 4408 292 4481 sibilantes
318 4404 338 4495 (l
366 4411 446 4502 br,
472 4433 515 4479 ex
541 4406 646 4480 litera
671 4406 693 4481 b
718 4410 816 4480 varie
842 4411 1029 4482 formatae.

269 4544 306 4617 5.
357 4545 403 4616 In
435 4541 569 4615 Latino
604 4543 798 4639 alphabeto
823 4569 858 4637 u,
883 4548 966 4625 utai
991 4543 1089 4640 apud
1121 4540 1264 4617 Tuscos
1298 4571 1456 4645 quoque,
1493 4550 1606 4622 simul
1639 4578 1841 4629 consonans

102 4670 209 4754 atque
245 4656 379 4730 vocalis
414 4671 501 4750 erat,
538 4671 752 4757 praeterque
776 4662 1094 4763 pbgsibilantes
1122 4672 1141 4754 ζ
1167 4686 1313 4759 quoque
1348 4666 1480 4755 deerat,
1519 4668 1639 4742 multo
1677 4675 1840 4746 seriusa

103 4775 250 4848 Graecis
275 4787 473 4873 assumpta.
513 4777 612 4848 Hinc
636 4802 704 4872 pro
729 4802 752 4852 o
779 4790 998 4852 consonante
1023 4779 1211 4851 interdum
1236 4804 1281 4854 oo
1308 4784 1573 4877 scriptumest,
1600 4797 1708 4882 atque
1734 4789 1839 4862 litera

102 4915 212 4989 apro
238 4894 470 4968 sibilantibus
495 4895 669 4968 omnibus
684 4896 859 4992 positum,
885 4900 957 4971 nisi
983 4898 1082 4995 quod
1107 4906 1127 4998 ῥ
1155 4922 1222 4992 per
1248 4920 1289 4971 rs
1313 4899 1431 4990 reddi,
1459 4910 1615 4994 cautem
1639 4903 1747 4977 litera
1771 4932 1838 5003 per
