4244 5722
285 757 406 802 norum
426 740 514 803 ludis
533 741 736 805 seculsrffius
756 740 870 805 Ditem
890 751 926 805 et
944 741 1176 828 Proserpinam
1195 743 1376 807 obtinuisse
1395 745 1527 809 scimus.
1569 741 1712 830 Legitur
1731 743 1822 806 enim
1842 743 1880 804 in
1898 737 2010 825 Sibyl·

287 855 340 918 lae
361 861 521 921 carmine:
1137 912 1168 920 ..

329 967 492 1039 Ζάλευκοι
511 975 628 1061 ταῦροι
648 973 685 1042 δὲ
705 971 791 1053 Διὸς
810 970 904 1065 παρὰ
924 974 1038 1059 βωμὸν
1059 973 1211 1063 sydodum
1722 1044 1724 1049 .

319 1080 458 1172 Ἧματι,
478 1089 564 1178 μηδέ
583 1115 619 1157 τε
639 1088 741 1174 νυκτί,
763 1105 801 1157 ut
820 1093 908 1179 apud
925 1094 1002 1158 Liv.
1022 1093 1133 1173 XXII,
1150 1099 1199 1161 10.
1222 1095 1243 1158 J
1251 1096 1320 1159 ovi
1340 1104 1375 1161 et
1394 1094 1535 1157 multis
1557 1095 1661 1156 aliis
1681 1092 1768 1157 divis
1787 1093 1896 1156 bubus
1914 1093 2009 1156 albis.

288 1205 461 1288 Ceterum,
492 1213 520 1272 si
541 1209 681 1273 Hondae
707 1212 825 1275 Joviae
856 1211 1002 1275 catulum
1033 1215 1069 1274 in
1100 1216 1214 1296 quinta
1245 1213 1358 1275 tabula
1386 1215 1572 1294 exceperis,
1608 1210 1695 1295 apud
1715 1211 1856 1274 Umbros
1886 1215 2011 1296 pariter

286 1335 384 1409 atque
416 1327 502 1413 apud
524 1327 665 1391 Graecos
687 1329 913 1412 Romanosque
942 1332 1075 1391 nonnisi
1104 1327 1284 1414 pecudibus
1314 1326 1518 1423 domesticis,
1551 1348 1690 1411 quarum
1717 1348 1815 1389 carne
1835 1330 1902 1413 ipsi
1922 1331 2011 1391 vesci

287 1444 453 1523 solebant,
485 1464 577 1507 sacra
599 1448 796 1508 factasunt:
829 1466 926 1531 apros
948 1449 1036 1507 enirn
1056 1451 1145 1510 inter
1165 1445 1304 1531 pecudes
1325 1456 1434 1529 pastos
1455 1467 1541 1525 esse,
1572 1446 1707 1529 Lipsius
1740 1434 1836 1509 docet
1866 1448 1904 1507 in
1931 1445 2012 1507 libri

288 1565 399 1644 quarti
419 1562 664 1625 Poliorceticon
685 1566 897 1647 praefatione.

235 1650 240 1656 ι
451 1681 502 1744 21.
547 1680 652 1762 Quam
672 1681 770 1742 facile
792 1681 1001 1764 explicantur
1021 1683 1233 1743 victimarum
1254 1682 1405 1759 nomina,
1435 1689 1500 1742 tam
1522 1679 1661 1741 obscura
1681 1689 1758 1742 sunt
1778 1678 1895 1757 verba,
1930 1698 2012 1761 quse

287 1795 495 1861 antecedunt.
548 1799 606 1859 Est
637 1796 770 1881 quidem
801 1800 974 1882 inscriptio
1006 1802 1041 1860 in
1069 1801 1205 1881 antiquo
1236 1799 1359 1882 templo
1393 1796 1446 1859 dei
1468 1796 1628 1859 Clitumni
1649 1799 1684 1858 in
1704 1796 1845 1859 Umbria
1863 1805 2009 1881 reperta:

199 1931 205 1941 ·
287 1912 398 1976 POST
419 1913 575 1977 VERIAS
597 1916 677 1976 FEL
691 1913 703 1996 ΙΙ
717 1916 761 1977 Η.
785 1915 825 1977 D.
849 1916 889 1976 L.
913 1917 962 1978 M.
986 1916 1122 1990 (Donati
1143 1916 1258 2002 Suppl.
1281 1916 1408 1978 Murat.
1432 1914 1458 1976 l.
1482 1938 1513 1999 p.
1536 1921 1587 1994 66,
1610 1917 1666 1992 7.),
1689 1935 1785 1998 quam
1809 1935 1885 1977 cum
1903 1913 2012 1977 vorbis

289 2030 368 2114 πόε
389 2031 517 2115 Fsdsg
539 2043 672 2109 etatae
692 2031 815 2121 Γερες
836 2054 1028 2118 comparare
1059 2034 1158 2112 licet,
1191 2032 1248 2095 sed
1268 2031 1348 2117 quid
1368 2035 1512 2095 veriae
1533 2036 1616 2111 sint,
1643 2053 1738 2095 nemo
1758 2033 1859 2095 facile
1880 2029 2008 2095 dixerit.

289 2149 393 2230 Quia,
428 2147 537 2212 Gellio
559 2148 690 2226 XVIII,
712 2153 732 2214 2
754 2160 837 2211 extr.
860 2160 960 2228 teste,
994 2151 1032 2230 Q.
1056 2151 1179 2212 Ennius
1211 2153 1246 2209 in
1266 2149 1444 2210 Annalium
1476 2149 1563 2212 libro
1592 2148 1684 2211 XIII.
1714 2160 1830 2213 vates
1862 2159 2013 2213 verant

289 2287 350 2349 pro
372 2287 471 2328 vera
492 2265 639 2329 dicunt
658 2269 853 2351 scripserat,
881 2264 968 2328 unde
990 2264 1192 2328 dIvinatores
1214 2265 1342 2329 fatidici
1369 2277 1588 2348 voratores
1610 2265 1691 2328 dicti
1711 2248 1804 2347 sunt,
1829 2265 2012 2353 Rudolpr·

288 2404 348 2445 nus
369 2382 534 2447 Venutius
565 2386 815 2468 inscriptionem
847 2386 944 2446 istam
972 2387 1019 2446 sic
1047 2387 1283 2468 interpretatus
1305 2394 1367 2445 est:
1401 2382 1502 2462 „Post
1522 2395 1625 2447 sortes
1647 2383 1795 2448 fetiditas
1816 2387 1930 2448 felices
1951 2384 2012 2447 boc

288 2497 372 2579 (sive
394 2503 555 2585 templum
575 2504 645 2563 sive
667 2499 856 2580 donarium)
878 2499 970 2563 dedit
991 2502 1095 2562 libens
1117 2504 1247 2562 merito.
1259 2499 1281 2532 “
1325 2498 1534 2563 Confirmare
1562 2501 1693 2584 quidem
1715 2502 1798 2564 hanc
1819 2503 2013 2565 sententiam

287 2616 422 2680 videtur
443 2618 571 2679 Plinius
591 2621 692 2702 Epist.
716 2618 811 2695 VIII,
833 2621 876 2696 8.,
900 2620 976 2700 qui,
1008 2617 1087 2680 dum
1109 2616 1270 2680 Clitumni
1301 2619 1461 2702 templum
1490 2622 1637 2702 priscum
1668 2630 1701 2682 et
1728 2622 1921 2709 religiosum
1945 2639 2012 2683 me·

290 2746 415 2814 morat,
447 2746 480 2798 et
501 2738 605 2798 multa
626 2736 809 2798 multorum
831 2736 980 2798 omnibus
1002 2738 1184 2814 columnis,
1217 2737 1369 2799 omnibus
1390 2738 1570 2820 parietibus
1592 2740 1767 2823 inscripta,
1801 2739 1917 2822 quibus
1936 2742 2011 2803 fons
2087 2767 2090 2771 ·

289 2854 349 2915 ille
371 2852 514 2936 deusque
536 2854 781 2932 celebrabatur,
804 2854 884 2915 haec
906 2873 1035 2936 quoque
1056 2857 1202 2938 scripsit:
1236 2853 1334 2933 „Stat
1354 2822 1541 2916 Clitumnus
1563 2859 1632 2938 ipse
1653 2858 1793 2918 amictus
1812 2867 2011 2939 ornatusque

289 2980 474 3054 praetexta:
507 2991 658 3055 praesens
686 2991 806 3032 numen
835 2981 931 3052 atque
962 2973 1061 3032 etiam
1090 2970 1262 3034 fatidicum
1288 2969 1436 3034 indicant
1459 2972 1605 3034 sortes.“
1647 2973 1691 3035 At
1711 2984 1883 3056 reputans,
1915 2994 2011 3057 quam

289 3108 383 3172 saepe
416 3087 501 3172 apud
522 3089 664 3150 Umbros
693 3089 812 3150 literae
833 3111 855 3150 v
877 3098 910 3150 et
930 3091 946 3148 s
970 3091 1058 3150 inter
1083 3109 1117 3149 se
1139 3098 1343 3172 permutatae
1364 3091 1444 3167 sint,
1477 3091 1611 3151 ferias
1632 3091 1803 3177 intelligo,
1836 3088 2011 3154 secundum

290 3205 383 3267 Pauli
404 3206 545 3268 Diaconi
567 3217 722 3289 excerpta
743 3227 783 3267 ex
803 3206 900 3266 libris
922 3207 1008 3268 Festi
1028 3227 1048 3267 a
1069 3205 1227 3267 feriendis
1247 3209 1395 3268 victimis
1415 3217 1566 3284 vocatas,
1590 3217 1627 3270 ut
1648 3219 1738 3291 post
1758 3211 1899 3271 vesias
1921 3209 2010 3272 seli-

291 3343 356 3385 ces
385 3322 472 3386 idem
501 3302 607 3402 dicat,
640 3322 729 3406 quod
760 3334 855 3407 post
884 3343 1005 3385 sacra
1036 3324 1184 3384 felicia
1209 3325 1248 3398 *).
1300 3323 1388 3385 Nam
1411 3325 1515 3385 feriae
1536 3344 1602 3385 non
1623 3336 1690 3387 tam
1711 3328 1787 3387 sesti
1808 3325 1878 3389 dies
1899 3337 2011 3391 sunta

291 3444 384 3504 feriis
406 3441 506 3514 dicti,
539 3463 636 3524 quam
659 3462 750 3503 sacra
771 3440 930 3523 quaedam
952 3441 1081 3503 divina:
1114 3440 1201 3504 unde
1229 3438 1492 3504 novendiales
1514 3445 1657 3519 ferias,
1692 3464 1771 3524 quas
1792 3444 1913 3506 Paulus
1933 3444 2010 3508 Dia·

292 3579 392 3621 conus
425 3570 602 3637 memorat,
647 3558 893 3621 novendiale
926 3580 1091 3620 sacrum
1123 3560 1303 3644 appellavit
1334 3559 1452 3622 LIvius
1478 3560 1505 3638 I,
1527 3564 1577 3626 31.
1629 3560 1865 3626 Trebianae
1891 3574 2010 3643 umen,

292 3687 509 3739 tesenocae
539 3699 563 3738 s.
598 3689 833 3756 tesenacae,
865 3677 1011 3739 vehiae
1033 3680 1166 3739 feriae
1188 3698 1253 3738 non
1274 3698 1294 3739 a
1315 3675 1445 3738 dierum
1471 3697 1630 3757 numero,
1663 3677 1735 3757 sed,
1763 3683 1827 3754 nisi
1849 3684 1950 3743 variis
1969 3701 2007 3770 ex

291 3799 397 3857 causis
428 3796 610 3880 appellatae
643 3799 726 3873 sint,
759 3816 778 3855 a
808 3798 903 3856 vario
935 3796 1168 3857 vehiculorum
1197 3816 1259 3857 usu
1291 3815 1409 3857 nomen
1431 3799 1594 3879 accepisse
1615 3794 1780 3858 videntur.
1835 3798 2008 3862 Treblac

291 3917 380 3974 enim
411 3912 497 3996 apud
519 3912 675 3975 Catonem
696 3913 733 3972 Il.
757 3913 794 3972 R.
820 3914 887 3976 135.
922 3931 984 3995 pro
1017 3913 1152 3974 tribulis
1185 3913 1240 3976 vel
1271 3913 1376 3975 trahis
1411 3916 1555 3996 scriptae
1586 3923 1764 3996 putantur,
1795 3917 1913 3997 vejae
1944 3920 2009 3980 sive

291 4033 437 4094 vehiae
465 4029 552 4115 apud
572 4031 691 4108 Oscos,
724 4040 805 4092 teste
831 4028 934 4091 Paulo
961 4029 1125 4102 Diacono,
1158 4030 1307 4112 plaustra
1340 4027 1554 4107 dicebantur,
1585 4050 1605 4091 a
1632 4030 1789 4092 thensis
1817 4051 1898 4095 vero
1924 4031 2010 4118 apud

290 4148 433 4211 Umbros
465 4159 681 4211 tesenacae
712 4151 815 4209 feriae
844 4148 1005 4231 appellari
1036 4150 1084 4208 sic
1112 4157 1307 4230 potuerunt,
1339 4158 1378 4210 ut
1408 4148 1668 4210 verbenacae
1700 4147 1789 4232 apud
1809 4150 2011 4214 Romanosa

290 4268 445 4344 verbena,
457 4262 567 4352 φέρβα
577 4269 647 4328 sive
659 4266 768 4326 herba.
804 4263 912 4345 Quid?
932 4268 959 4325 si
978 4268 1087 4347 primo
1106 4265 1204 4326 lustri
1222 4263 1276 4326 die
1295 4264 1476 4326 tribulis
1492 4263 1738 4327 advehebantur
1757 4268 1874 4330 februa
1889 4270 2010 4354 populo

292 4383 532 4459 distribuenda,
567 4381 709 4445 secundo
733 4383 889 4444 thensis
912 4381 1050 4444 deorum
1071 4386 1164 4469 signa
1186 4382 1534 4458 circumvehebantur‚
1567 4386 1668 4445 tertio
1696 4387 1803 4461 vejis
1831 4387 2011 4474 agebantur

292 4501 363 4564 ludi
386 4501 575 4564 Circenses?
619 4500 674 4562 Sic
695 4500 834 4585 singulis
855 4497 969 4561 diebus
991 4500 1078 4561 binis
1099 4499 1288 4561 numinibus
1309 4500 1435 4562 hostiae
1455 4500 1640 4583 piaculares
1661 4521 1772 4563 caesae
1792 4514 1880 4567 sunt.

301 4631 521 4639 ..Μὴ-ψ...
534 4629 733 4637 ,ῥ’-...-

454 4657 482 4755 l‘)
520 4689 567 4743 sic
596 4691 624 4741 in
645 4690 713 4744 Osca
737 4686 924 4758 inscriptione
946 4688 1096 4740 marmoris
1123 4688 1154 4741 in
1172 4685 1276 4741 Dorica
1298 4686 1414 4757 porticu
1437 4686 1471 4740 ad
1488 4686 1569 4741 Isidis
1587 4689 1728 4759 templum
1746 4690 1949 4761 Pompeianum
1965 4694 2008 4746 iu·

293 4781 372 4833 venti
391 4781 463 4850 apud
481 4780 577 4833 Micali
596 4779 650 4831 tob.
671 4776 756 4844 CXX,
774 4779 799 4831 l.
827 4774 922 4828 verbis
935 4776 1196 4844 ·paamvereiia
1221 4774 1454 4846 Pumpaiiana
1481 4776 1649 4848 Pompeiana
1676 4795 1822 4833 sacrorum
1847 4782 2007 4835 communio

294 4870 438 4946 designari
455 4869 578 4923 videtur.
