4244 5722
176 830 239 908 pro
263 816 387 887 ,denuo
418 828 452 883 et
475 820 628 905 :propitio
658 818 785 902 posuit3
806 824 843 880 at
870 810 1024 879 Sancus
1053 813 1194 895 dicitm,
1225 816 1284 899 qui
1308 818 1415 882 sancit
1436 819 1814 901 -resstqussounrma
1856 821 1894 889 st

98 926 109 1025 J
147 933 149 936 ’
176 940 379 1021 mentius
396 934 512 1021 hydas
538 936 602 1016 lV,
622 936 674 1004 118.
696 956 730 1020 p.
752 937 823 1001 2110.
847 931 899 998 cd.
919 931 1073 996 Boethor.
1106 927 1145 997 cd
1166 924 1293 1018 Σᾶγκος
1322 922 1644 1021 dvopmodpuvdv
1672 930 1825 1021 abacista
1852 938 1895 1028 τῇ

174 1052 325 1140 Σαβίνων
337 1048 478 1144 γλώσσῃ
497 1056 646 1147 scripsit,
666 1053 731 1117 hoc
750 1061 889 1139 propter
907 1049 944 1114 id
963 1054 1088 1116 lactum
1108 1072 1178 1116 asse
1196 1049 1342 1131 videtur,
1363 1051 1452 1135 quod
1472 1053 1585 1118 Varro
1605 1055 1647 1118 L.
1668 1054 1710 1116 1.
1733 1056 1779 1137 V,
1802 1056 1891 1140 §.m

83 1160 104 1258 ζ
176 1184 247 1262 ejus
277 1174 367 1241 aedis
397 1175 606 1260 perforatum
630 1181 756 1235 tectum
782 1169 884 1249 dixit,
915 1179 1018 1234 ntea
1042 1168 1217 1234 videretur
1241 1170 1619 1234 diromie.coelmi1=
1651 1172 1741 1237 unde
1760 1175 1893 1258 qnidam

175 1299 348 1386 negabant
367 1294 427 1356 sub
451 1301 548 1355 *tecto
579 1311 640 1376 per
670 1289 758 1353 hunc
779 1287 928 1369 dejerare
949 1298 1119 1374 oportere,
1152 1291 1194 1352 cis
1217 1287 1384 1352 Plutarch.
1409 1288 1449 1370 Q.
1470 1287 1509 1350 ll.
1531 1291 1581 1356 28.
1625 1288 1813 1372 cnorum,
1828 1296 1896 1360 1...
1943 1332 1945 1339 ·
2018 1378 2020 1387 ¹

177 1419 301 1481 etantio
323 1413 351 1492 l,
373 1415 424 1479 15.
441 1417 547 1487 teste,
568 1407 683 1472 Sabini
703 1407 891 1485 Sancum,
912 1406 1111 1470 sicutPoeni
1131 1407 1310 1473 Uranum
1329 1426 1456 1470 summa
1475 1410 1690 1472 veneratione
1709 1408 1892 1479 coluerunt.

180 1584 182 1588 .
252 1558 254 1563 v
341 1532 399 1597 28.Υ
420 1528 566 1604 Palem,
601 1547 705 1610 quam
726 1527 756 1611 ς.
778 1527 829 1590 al.
857 1524 1021 1587 'Petram
1040 1524 1208 1588 ..loriam
1235 1544 1303 1587 ease
1329 1523 1416 1602 dixi,
1451 1522 1668 1588 Nemesianus
1686 1527 1801 1591 lincol.
1824 1530 1892 1594 Ecl.

176 1652 220 1732 11,
242 1654 283 1718 50
303 1670 372 1730 sqq.
405 1669 482 1712 cnm
501 1645 639 1708 Silvano
660 1645 845 1729 Priapoque
875 1645 998 1722 junxit:
1030 1642 1124 1720 binc,
1158 1646 1187 1705 si
1208 1643 1301 1707 Mars
1321 1642 1478 1708 Silvanus
1509 1641 1598 1726 apud
1617 1641 1687 1707 Gst.
1711 1647 1746 1711 ll
1769 1647 1808 1710 ll.
1830 1650 1896 1730 83,

177 1770 255 1844 deus
286 1774 446 1851 pecorum
477 1774 511 1828 et
540 1771 697 1849 agrorum
729 1759 909 1825 secundum
928 1760 1084 1824 Servium
1103 1759 1146 1824 ad
1166 1760 1328 1852 virg-d·
1349 1759 1446 1839 Vlll,
1466 1763 1554 1837 600,
1586 1760 1742 1845 luporum
1762 1762 1898 1830 exactor

177 1897 211 1951 et
240 1885 480 1971 fulguritorum
510 1882 670 1944 arborum
699 1878 879 1942 secundum
899 1879 1072 1940 Lucilium
1101 1877 1190 1962 apud
1218 1876 1306 1939 Non.
1332 1877 1439 1940 Marc.
1469 1877 1514 1955 11,
1534 1880 1628 1956 324„
1659 1888 1753 1942 tutor
1782 1884 1897 1947 linium

75 2016 77 2020 ·
175 2000 354 2066 secundum
384 2001 565 2063 Horatium
595 1995 698 2083 Epod.
721 1996 767 2076 11,
789 1997 840 2060 22.
864 1995 940 2057 coll.
974 1995 1077 2079 Epist.
1101 1994 1311 2072 11,1‚143.‚
1339 1990 1499 2057 *Serius
1529 1994 1712 2058 Martius
1743 2009 1809 2078 est,
1841 2005 1899 2080 qni

176 2124 265 2206 apris
286 2123 417 2202 piatur,
439 2118 617 2180 Martem
636 2115 836 2176 Horsinm
856 2132 922 2174 non
943 2122 1012 2174 tam
1032 2106 1164 2199 b'psoo,
1186 2132 1284 2193 quam
1305 2101 1458 2198 ὡραῖον
1478 2112 1533 2174 vel
1552 2115 1761 2200 χορταῖον,
1784 2115 1898 2182 horto-
1972 2111 1977 2120 ’

177 2259 253 2301 rum
273 2233 458 2321 praesidem
479 2233 635 2316 Priapum
656 2233 878 2313 interpretor,
902 2226 999 2291 Ovid.
1021 2228 1055 2288 F.
1078 2227 1212 2306 1,415.,
1243 2224 1435 2289 Hondum
1451 2224 1653 2290 'Serlium
1674 2242 1784 2295 autem
1805 2241 1898 2317 quasi

177 2357 322 2419 Silvium
342 2354 488 2429 Bonum,
521 2369 604 2432 quae
635 2351 770 2411 nomina
799 2349 868 2409 viri
899 2344 1069 2425 cujusdam
1100 2356 1177 2410 sunt
1201 2343 1289 2430 apud
1308 2345 1491 2408 Ausonium
1512 2347 1624 2433 Epigr.
1647 2346 1724 2410 CIX
1746 2372 1813 2434 sqq.
1855 2354 1899 2418 At

178 2494 220 2536 an
252 2472 462 2534 Praestita
494 2465 583 2551 apud
611 2465 737 2528 Murat.
761 2462 815 2543 01,
837 2468 868 2528 6.
902 2460 1016 2525 eadem
1047 2461 1108 2524 dea
1138 2465 1200 2540 sit,
1231 2481 1315 2546 quae
1344 2461 1510 2525 Umbricis
1534 2464 1649 2526 *literis
1680 2465 1898 2552 Προστατε

179 2591 356 2667 scribitur,
378 2589 507 2648 nescio:
524 2583 642 2646 'differt
663 2602 740 2643 sana
760 2582 934 2642 Praesta
942 2599 989 2640 na
1009 2578 1151 2640 Arnobii
1171 2598 1247 2640 eum
1268 2580 1418 2642 omnibus
1440 2578 1505 2640 diis
1525 2579 1748 2649 Praestitibus.
1790 2586 1899 2668 Quum

178 2707 389 2770 Prestota'e
417 2699 594 2765 *Sarsina
626 2709 660 2761 et
680 2698 841 2760 Tursae
868 2693 1047 2758 *Serliae
1078 2717 1145 2758 una
1172 2691 1404 2761 cum⁸Serfo
1435 2696 1608 2778 Martio,
1639 2701 1733 2778 cujus
1764 2708 1900 2768 comites

178 2844 247 2890 esse
268 2822 441 2899 dicuntur,
464 2818 647 2906 singulares
669 2814 822 2879 dicentur
841 2833 959 2899 preces
978 2812 1021 2876 ad
1042 2811 1281 2877 defendendum
1301 2835 1321 2877 a
1340 2818 1515 2894 tursitu,
1538 2819 1731 2897 tremitu,
1764 2819 1900 2885 hondu

178 2943 314 3020 boltu,
335 2943 503 3015 uinctu,
535 2938 699 3021 nepita,
733 2935 892 3015 sonitu,
925 2935 1080 3005 savitu,
1111 2933 1448 3016 preplo(ho)tatu,
1480 2934 1763 3017 previ(s)latu,
1786 2940 1846 3020 VI,
1869 2960 1899 3018 a,

178 3066 230 3129 60,
253 3059 334 3138 Vll,
357 3079 387 3136 a,
408 3057 460 3123 19.
483 3055 517 3116 b.
539 3075 569 3116 e.
591 3056 657 3116 nisi
678 3052 797 3129 fallor,
829 3048 1017 3129 incendio,
1033 3061 1144 3113 tarrae
1165 3061 1278 3129 motu,
1309 3048 1526 3130 sideratione,
1559 3056 1683 3140 νιφετῷ
1700 3065 1736 3117 at
1753 3058 1901 3121 nimbosa

180 3176 357 3268 grandine,
389 3177 576 3270 tonitruum
608 3181 641 3233 et
672 3171 849 3231 fulminum
879 3170 1034 3245 saevitia,
1067 3169 1232 3251 profluvio
1263 3186 1443 3250 aquarum,
1475 3178 1509 3231 et
1537 3172 1682 3252 proflatu
1713 3173 1899 3256 turbinum,

180 3297 411 3359 Prestotam
431 3294 543 3377 potius
564 3309 583 3350 a
602 3298 769 3372 prestere,
801 3285 975 3348 Turtam
1006 3305 1026 3346 a
1056 3283 1214 3348 torrendo
1243 3295 1394 3347 vocatam
1422 3306 1490 3348 esse
1511 3308 1638 3352 censeo.
1680 3290 1903 3377 Tempestates

180 3416 336 3501 religiose
369 3411 474 3473 cultas
504 3426 571 3470 esse
603 3409 682 3467 satis
715 3413 842 3467 constat
874 3402 1056 3489 eVirgilii
1076 3400 1222 3464 Aeneide
1249 3402 1294 3480 V,
1316 3406 1388 3469 772.
1417 3414 1514 3486 atque
1544 3404 1682 3469 Horatii
1711 3398 1825 3492 Epodo
1858 3409 1900 3490 X,

181 3541 264 3595 extr.
299 3539 332 3591 et
363 3528 490 3589 cultum
519 3528 620 3586 istum
645 3524 683 3583 in
708 3523 936 3603 antiquissima
961 3518 1116 3583 recedere
1143 3531 1319 3604 tempora,
1340 3523 1400 3583 etsi
1421 3523 1460 3583 1.
1484 3521 1616 3606 Scipio,
1647 3524 1781 3589 llarbati
1801 3530 1901 3608 lilius,

181 3648 221 3711 ad
243 3650 335 3727 cujus
356 3646 608 3729 inscriptionem
629 3639 849 3724 sepulcralem
870 3637 976 3700 adhuc
998 3648 1178 3700 entuntem
1189 3637 1328 3701 Ovidius
1349 3640 1382 3700 F.
1406 3639 1469 3718 Vl,
1493 3645 1563 3706 193.
1586 3644 1739 3726 respicit,
1761 3648 1902 3728 primam

180 3764 444 3848 Tempestatibus
465 3758 577 3822 aedem
598 3758 720 3818 Romae
741 3755 868 3819 dedisse
889 3754 1031 3833 dicitur,
1061 3757 1180 3818 Aeneis
1207 3754 1320 3833 docet,
1352 3759 1473 3840 inqua
1494 3759 1555 3839 III,
1579 3760 1646 3824 120.
1674 3759 1831 3825 Anchises
1852 3768 1903 3825 ni-

182 3906 276 3973 gram
298 3883 413 3943 Hiemi
444 3875 605 3964 pecudem
625 3884 774 3953 mactat,
806 3876 894 3936 aient
923 3877 960 3935 iu
980 3874 1129 3960 lgumnis
1158 3873 1280 3937 tabulis
1300 3875 1466 3937 Prestotae
1483 3873 1625 3940 'Serliae
1656 3898 1777 3961 porcae
1808 3884 1902 3946 rusae

86 4074 88 4078 .
183 4003 236 4084 yel
268 4003 386 4061 furvae
416 3997 534 4058 offerri
566 3995 731 4074 jubentur.
773 3990 803 4052 A
824 3988 1131 4055 TursaFSorsia
1161 4012 1244 4055 vero
1275 3991 1504 4081 distinguenda
1536 4005 1584 4058 est
1604 3995 1737 4058 Tursa
1765 3997 1787 4059 J
1795 4002 1900 4080 ovia,

182 4124 244 4182 oui»
264 4124 340 4203 post
369 4123 503 4200 peraeta
533 4113 663 4194 reliqua
693 4113 804 4173 omnia
834 4111 997 4171 sacrificia
1027 4119 1094 4172 tres
1125 4111 1283 4189 juvencae
1303 4114 1584 4190 acersonicm,
1610 4111 1645 4173 h.
1669 4132 1697 4174 e.
1720 4133 1794 4177 cnm
1816 4126 1902 4196 ture,

182 4246 382 4300 cremantur.
427 4231 523 4292 Hanc
544 4230 682 4290 Vestam
706 4229 880 4315 virginem.
901 4244 997 4306 ease,
1024 4232 1133 4311 quam'
1152 4227 1239 4313 apud
1261 4228 1554 4313 Graecos-quoque
1575 4233 1611 4292 iu
1631 4234 1722 4309 foro,
1757 4242 1832 4296 ture
1851 4237 1903 4297 in·

182 4374 294 4431 censo,
317 4354 479 4438 placatam
499 4358 638 4410 testatur
659 4344 832 4407 Pausanias
852 4345 932 4424 Vn,-
952 4347 1005 4422 22,
1026 4347 1071 4423 2,
1091 4343 1287 4408 indubium
1306 4349 1421 4409 uocari
1442 4349 1567 4430 nequit.

346 4474 395 4536 29.
441 4469 580 4530 Romani
601 4465 754 4541 Vestam,
786 4464 880 4542 cujus
911 4464 964 4524 uia
991 4459 1034 4523 ad
1059 4481 1132 4523 aras
1154 4471 1187 4524 et
1207 4465 1298 4525 focos
1318 4464 1520 4548 pertinebat,
1553 4463 1621 4526 Cic.
1644 4463 1687 4525 N.
1710 4465 1751 4527 D.
1774 4467 1815 4546 11,
1837 4472 1901 4547 27,

182 4592 268 4656 nibil
289 4587 381 4652 alind
402 4586 564 4660 nisibim
584 4586 718 4644 llamina
736 4578 966 4667 intelligenda,
1002 4578 1099 4645 ovid.
1120 4580 1155 4643 F.
1175 4578 1320 4659 venel
1341 4603 1424 4666 sqq,
1445 4584 1610 4669 virginem
1631 4584 1809 4668 putabant,
1838 4589 1902 4651 La-

184 4720 283 4783 ome.
306 4707 384 4768 lust.
409 4704 436 4783 l,
461 4705 522 4781 m,
555 4702 633 4784 qnia
664 4702 750 4787 ignis
782 4697 977 4761 inuiolabile
996 4704 1093 4760 *eset
1123 4697 1337 4779 elementum,
1369 4692 1518 4782 nihilque
1545 4702 1634 4762 nasci
1659 4711 1769 4786 posset
1788 4723 1830 4764 ex
1849 4724 1900 4785 eo,

155 4811 157 4815 ’
184 4831 312 4919 qm'ppo
327 4827 385 4908 qui
406 4822 527 4898 omnia,
549 4837 632 4902 quae
653 4815 1079 4902 arripuissembaumeret
1122 4813 1297 4895 Iude'illi,
1318 4818 1406 4881 sicut
1419 4816 1616 4897 Minervae,
1647 4820 1786 4897 juvenca
1803 4820 1901 4887 dabe-

162 4973 163 4977 ¹
185 4932 302 5031 nitar,
335 4938 528 5006 Callimach.
549 4938 664 5020 hymn.
683 4938 720 4997 iu
740 4932 855 4998 cunr.
878 4937 960 5013 loo,
982 4944 1082 5017 atqua
1101 4932 1297 4998 Plutarchus
1324 4934 1360 4997 in
1380 4932 1552 4998 Parallelis
1573 4926 1681 5010 XIV„
1703 4937 1762 4999 ubi
1779 4937 1901 5004 Metel-

190 5084 202 5092 .
237 5088 240 5092 .
1414 5043 1440 5117 4*

172 5196 179 5239 ἰ.

174 5238 182 5272 l
