4244 5722
872 603 1120 668 ..33-

370 775 484 841 11άοί10
504 783 544 837 ut
563 771 652 861 iguis
672 770 793 846 fervat,
814 765 909 851 ligna
929 763 1074 846 insipite,
1096 766 1151 826 tar
1171 763 1348 831 concidite.

123 908 220 981 atque
241 895 356 960 Varro
376 896 418 960 L.
431 896 473 959 L.
484 894 530 972 V,
541 894 609 957 22:
633 888 703 954 »De
722 887 819 949 victu
839 885 1068 966 antiquissima
1085 883 1179 965 puls:
1202 885 1285 947 haec
1295 882 1466 970 appellata
1485 883 1542 949 rel
1563 884 1653 970 quod
1674 889 1723 952 ita
1733 885 1868 971 Graeci,

126 1016 199 1079 uvel
220 1016 263 1080 ab
284 1034 325 1079 ao
347 1012 436 1077 unde
456 990 574 1075 scr'ibit
593 998 831 1091 Apollodorus,
853 999 941 1086 quod
963 1005 1012 1065 ita
1033 1012 1130 1065 sonet
1150 1021 1250 1085 quom
1269 1022 1374 1087 aquae
1395 1005 1543 1067 ferventi
1564 1006 1750 1088 incipitur«.

290 1135 506 1217 Reliquamm
526 1126 786 1210 inscriptionum
808 1132 1005 1209 argumenta
1026 1118 1220 1184 Gerhardus
1240 1126 1333 1185 re'cte
1353 1124 1488 1186 nonnisi
1509 1127 1658 1210 propriis
1679 1126 1872 1190 nominibus

123 1254 292 1316 contineri
314 1256 497 1335 suspicatus
517 1254 578 1321 est,
601 1253 760 1326 recteque
781 1240 880 1320 vidit,
909 1262 942 1306 ιι.
968 1242 1059 1307 1619.
1080 1259 1188 1324 neque
1207 1241 1341 1321 Nerine,
1364 1261 1471 1326 neque
1491 1240 1642 1322 Planina,
1665 1242 1756 1326 qaod
1776 1245 1872 1328 prius

124 1375 318 1453 conjecerat
337 1373 372 1433 in
390 1361 511 1431 Annei.
534 1362 785 1427 detrinentum
807 1360 842 1424 di
864 1361 999 1442 corrisp.
1021 1357 1110 1422 arci.
1134 1356 1305 1424 VoLVlI.
1327 1380 1402 1448 pag.
1427 1362 1500 1428 174.
1522 1363 1594 1427 coll.
1607 1360 1669 1424 Vl.
1692 1381 1768 1449 pag.
1785 1361 1871 1442 279,

122 1486 182 1552 sed
204 1490 327 1555 Herine
345 1501 415 1546 esse
436 1480 623 1570 legendum,
653 1478 741 1566 quad
762 1477 896 1563 quidem
917 1499 994 1541 cum
1024 1475 1381 1560 liudulpho-Ilochetto
1403 1478 1618 1544 fabricatoris
1638 1481 1752 1566 potius
1774 1501 1872 1564 quam

121 1601 317 1689 possessoris
337 1620 460 1664 nomen
483 1619 638 1688 agnosco.
681 1596 837 1682 Ejusdem
864 1599 998 1685 generis
1027 1607 1077 1661 est
1105 1598 1284 1682 inscriptio
1306 1596 1435 1661 vasculi
1457 1597 1546 1683 apud
1572 1598 1739 1663 Lanaiun'r
1758 1597 1802 1663 Τ.
1823 1597 1870 1662 11.

124 1744 200 1813 pag.
222 1721 292 1790 sot.
314 1739 347 1784 n.
369 1722 400 1784 2.
424 1717 600 1799 llllDlNI,
622 1722 694 1782 siva
715 1737 778 1803 pro
801 1718 941 1783 Marinii
961 1719 1033 1780 sive
1054 1736 1117 1800 pro
1138 1715 1187 1782 M.
1209 1712 1325 1782 Atinii
1345 1719 1481 1780 nomine
1503 1718 1702 1801 accipiatur.

274 1837 326 1927 ‘ln
353 1836 603 1902 MAMERTES
634 1835 864 1901 HVMINIES
906 1856 938 1899 ιι.
973 1838 1064 1907 1614.
1097 1835 1267 1901 Mamertina
1298 1855 1502 1919 praenomen
1533 1836 1634 1899 lacils
1665 1836 1873 1924 agnoscitur,

124 1958 209 2018 sicut
228 1953 339 2023 Marci
359 1958 394 2019 in
416 1954 670 2021 Mlufllusn
718 1953 853 2018 ELEM.
877 1951 993 2019 IGEL.
1016 1975 1049 2016 n.
1064 1955 1156 2021 1613.
1170 1954 1309 2036 Reliqua
1328 1957 1465 2018 nomina
1487 1956 1738 2033 obscurarunt,
1760 1974 1873 2039 quem·

120 2069 299 2163 admodum
319 2071 598 2137 1W1l1T1LN1A
618 2075 655 2137 in
675 2084 792 2159 patera
812 2072 947 2136 Nolana
967 2072 1056 2157 apud
1075 2073 1243 2137 Lennium
1263 2071 1398 2156 Suggio
1419 2071 1461 2135 Τ.
1485 2072 1530 2153 II,
1552 2094 1587 2158 p.
1609 2072 1682 2140 608.
1705 2093 1737 2135 ιι.
1761 2074 1792 2137 4.
1816 2072 1874 2136 vel

120 2186 786 2274 TANAerIVMEusssuFRVNTEu
816 2213 848 2255 n.
872 2196 923 2259 10.
957 2195 993 2254 in
1025 2193 1096 2251 basi
1128 2211 1208 2251 arae
1228 2210 1296 2251 non
1324 2192 1446 2270 procul
1466 2211 1486 2254 a
1506 2191 1657 2255 Boviano
1679 2193 1716 2253 in
1736 2188 1873 2254 Samnio

119 2319 266 2393 reperta,
300 2325 487 2391 quanquam
515 2302 723 2370 NVMERIA
752 2300 944 2367 VITALIA
972 2320 1048 2364 cum
1078 2299 1288 2364 NVMERIO
1310 2301 1556 2368 MITALIONI
1576 2306 1666 2391 apud
1687 2306 1875 2373 Gruterum

117 2422 303 2501 Dccoxl,
316 2425 345 2486 6.
368 2430 469 2502 atque
489 2418 723 2481 FnENTRuD
753 2420 789 2477 in
816 2419 961 2478 nummis
987 2418 1232 2479 Frentanorum
1262 2417 1350 2499 apud
1371 2418 1551 2481 Micalium
1572 2422 1710 2507 legitur.
1752 2423 1792 2487 In
1813 2445 1873 2489 no·

120 2540 268 2607 minibus
289 2552 411 2597 aeneae
444 2534 592 2597 laminae
616 2555 649 2595 n.
673 2534 723 2597 ll.
745 2530 876 2594 PAKIS
899 2530 1116 2594 TINTIRIIS
1137 2529 1288 2598 Paccium
1310 2530 1446 2616 quidem
1466 2535 1544 2598 Liv.
1566 2535 1612 2614 X,
1623 2538 1674 2604 38.
1698 2558 1773 2604 cum
1783 2542 1874 2606 Lan·
1933 2550 1939 2559 “

125 2659 180 2722 nio
200 2670 355 2741 agnosco,
368 2648 561 2717 etsiPacius
571 2669 706 2733 quoque
716 2650 844 2736 legitur
854 2648 943 2734 apud
953 2649 1145 2714 lleinesium
1154 2651 1201 2739 V,
1210 2655 1261 2719 23.
1275 2662 1310 2717 et
1327 2648 1514 2716 Gruterum
1526 2652 1873 2741 DGCGGXLDl,10;

124 2772 182 2838 sed
203 2791 266 2859 pro
287 2769 445 2851 Dentrio,
475 2771 531 2832 cui
552 2768 785 2854 cognominem
805 2765 981 2834 Dentriam
1002 2767 1170 2834 Gruterus
1192 2768 1371 2850 CCCXXI,
1384 2773 1416 2837 4.
1439 2770 1587 2853 exhibet,
1620 2772 1801 2841 Ventidium
1821 2780 1874 2842 in·

123 2891 278 2978 telligere
309 2888 444 2953 malim:
486 2896 586 2951 notus
619 2895 679 2968 est,
712 2906 889 2950 enummo
912 2906 1045 2973 quoque
1067 2908 1158 2968 cuso,
1192 2887 1307 2952 Picens
1325 2889 1390 2961 ille
1411 2887 1446 2951 P.
1478 2866 1648 2957 Ventidius
1669 2893 1799 2977 Bassus,
1832 2894 1874 2960 de

123 3010 221 3092 cujus
241 3008 407 3072 natalibus
428 3008 631 3087 fortunaque
652 3005 740 3066 mira
761 3017 897 3089 praeter
916 3007 1042 3070 multos
1071 3007 1155 3070 alios
1176 3006 1302 3071 Plinius
1322 3007 1369 3070 Η.
1392 3005 1435 3071 Ν.
1459 3008 1615 3090 V11,42.,
1638 3009 1791 3095 Vellejus
1811 3013 1873 3078 Pa·

123 3138 210 3193 tere.
230 3124 275 3206 II,
287 3128 336 3193 65.
359 3134 394 3189 et
415 3122 547 3186 Gellius
567 3120 648 3202 XV,
661 3125 691 3187 4.
703 3122 906 3192 retulerunt.
928 3122 1061 3187 Nomen
1071 3123 1225 3187 ATSVII
1245 3127 1282 3186 in
1303 3126 1430 3188 lamina
1448 3130 1556 3191 musei
1576 3128 1739 3216 Borgiani
1761 3137 1871 3213 ιι.14.,

124 3243 272 3310 adextra
284 3240 326 3304 ad
346 3243 516 3305 sinistram
528 3241 629 3321 lecta,
643 3239 858 3321 IVSTAest3
881 3232 1024 3305 maxime
1044 3262 1128 3306 vero
1148 3244 1378 3307 memorabilis
1399 3253 1450 3307 cst
1459 3243 1593 3308 Nolana
1602 3249 1781 3332 inscriptio
1792 3272 1826 3319 ιι.
1839 3254 1870 3320 7.

206 3359 402 3427 PAAKVL.
427 3357 670 3424 MVLVKIIS.
692 3358 847 3424 MARAI.
871 3359 1045 3424 MEDDIS
1059 3357 1071 3442 ll
1085 3357 1328 3426 DEGETASIS
1349 3357 1595 3427 ARAGETVD
1616 3363 1822 3435 MVLTAS.

285 3476 414 3545 Psakol
433 3498 497 3563 pro
518 3474 635 3543 Pacilo
655 3480 803 3564 scriptus
824 3489 884 3559 est,
916 3477 1195 3564 quemadmodum
1221 3481 1325 3546 Merit
1351 3483 1388 3543 in
1416 3481 1563 3543 nummis
1584 3479 1779 3550 Samniticis
1807 3508 1871 3574 pra

121 3599 255 3678 Mutilo.
298 3594 398 3680 Apud
420 3595 620 3660 Ciceronem
641 3594 776 3682 quidem
796 3600 833 3662 in
854 3597 957 3662 Varr.
979 3598 1025 3677 Il,
1036 3601 1089 3679 38,
1101 3601 1151 3665 94.
1163 3601 1217 3677 40,
1228 3601 1281 3666 98.
1305 3596 1438 3663 Sthenii
1460 3599 1675 3666 Thermitani
1695 3617 1872 3671 accusator

123 3718 171 3784 M.
194 3715 339 3783 Pacilius
362 3725 520 3795 vocatum
554 3715 612 3779 sed
640 3716 866 3780 Romanorum
899 3719 1052 3781 consules
1081 3737 1212 3803 quoque
1242 3716 1281 3785 C.
1303 3719 1423 3784 Furios
1454 3716 1590 3786 Pacilus
1618 3724 1742 3786 scimus
1770 3734 1872 3810 atque

122 3833 259 3902 Paculla
281 3834 448 3919 Campana
468 3831 623 3897 sacerdos
644 3833 734 3918 apud
754 3835 895 3917 Livium
915 3833 1140 3918 xxxmae.
1164 3837 1299 3925 legitur.
1330 3838 1475 3904 Masurii
1495 3859 1618 3903 nomen
1638 3838 1871 3907 aliundemihi

120 3957 278 4045 ignotum
306 3962 367 4031 ast,
400 3948 731 4025 nisiGorneliorum
758 3972 922 4041 agnomen
949 3956 1191 4038 Maluginensis
1217 3954 1479 4043 comparandum
1506 3969 1622 4044 putes,
1653 3960 1767 4025 Marsi
1785 3981 1869 4026 raro

120 4075 229 4158 patris
249 4091 372 4137 nomen
399 4068 548 4153 ridetur,
578 4070 857 4156 quemadmodum
885 4071 974 4158 apud
1001 4074 1141 4137 Livium
1162 4074 1224 4155 IX,
1237 4079 1268 4142 7.
1292 4077 1479 4163 Campanus
1501 4075 1634 4162 quidam
1655 4095 1779 4164 genere
1800 4082 1870 4144 faa

120 4192 230 4277 tisque
252 4192 364 4253 clarus
387 4190 505 4273 Ofilius
527 4189 692 4272 Calavius,
725 4192 802 4257 ovis·
822 4191 936 4275 filius,
955 4189 1095 4271 dicitur,
1128 4194 1171 4258 cf.
1193 4192 1269 4260 Liv.
1299 4192 1361 4274 IX,
1373 4197 1425 4262 26.
1453 4195 1585 4261 Meddis
1606 4195 1668 4258 hac
1689 4197 1726 4258 in
1746 4199 1869 4264 inscri-

120 4311 239 4394 ptione
269 4311 485 4397 magistratus
517 4319 577 4390 est,
609 4310 667 4391 qui
697 4307 878 4372 secundum
909 4310 1087 4373 Bantinam
1117 4310 1266 4374 tabulam
1292 4334 1325 4377 v.
1344 4317 1375 4378 2.
1401 4314 1527 4377 moltam
1549 4317 1645 4398 angit
1665 4315 1738 4378 sire
1759 4317 1868 4401 adigit

119 4427 153 4490 h.
178 4447 208 4493 e.
230 4425 413 4491 secundum
434 4427 575 4490 Paulum
595 4426 784 4490 Diaconum
805 4429 883 4492 dare
904 4431 1011 4511 rogits
1044 4448 1122 4490 nam
1144 4431 1307 4513 erogetud
1326 4430 1492 4495 Oscorum
1519 4452 1614 4496 mors
1634 4434 1799 4518 scriptum
1819 4447 1869 4502 est

120 4564 184 4631 pra
206 4524 338 4628 adigiro
365 4546 437 4607 sive
464 4547 583 4628 supino
615 4546 748 4627 adactu,
779 4543 869 4631 quad
898 4544 1057 4634 gerundii
1084 4547 1160 4611 loco
1190 4568 1268 4611 cum
1288 4551 1480 4615 accusativo
1507 4551 1624 4616 multas
1645 4556 1864 4619 construitur.

119 4661 305 4749 Degere-sis
335 4680 419 4726 vero
441 4663 627 4747 degetasiua
655 4663 784 4729 dicitur
811 4667 849 4726 in
879 4667 1112 4749 antiquissima
1144 4668 1313 4748 omnium,
1347 4686 1432 4753 quac
1465 4678 1611 4749 exstant,
1642 4671 1866 4758 inscriptione

120 4783 212 4866 cippi
233 4781 428 4866 sepulcralis
448 4782 509 4845 sub
530 4784 676 4870 imagine
696 4783 826 4868 Ulyssis
847 4781 981 4848 reducis
1002 4784 1147 4874 abArgo
1169 4806 1249 4850 cane
1271 4787 1389 4874 agniti,
1413 4807 1513 4872 quam
1533 4785 1866 4874 Radulpho-Rochet·

119 4907 174 4962 tus
195 4901 233 4961 in
252 4897 482 4963 Monumentis
502 4898 572 4964 suis
592 4899 739 4979 ineditis,
762 4899 944 4986 Odysscida
955 4902 1078 4986 LXIII,
1090 4909 1151 4971 l.e
1172 4924 1287 4970 museo
1308 4905 1477 4995 Bongiana
1497 4907 1643 4994 Neapoli
1663 4906 1865 4999 descriptam

1367 5074 1389 5140 5
