4244 5722
986 586 1237 650 ...ω-

236 771 315 819 cum
335 744 448 837 ἀμφὶ
469 761 502 815 et
521 745 640 839 napi,
661 749 785 812 Latina
804 766 872 813 τοι
889 750 1014 831 positis
1029 766 1093 835 pro
1104 746 1235 811 Graeca
1255 748 1518 829 ποτιθέταις
1537 746 1655 832 docet3
1677 752 1791 817 nescio
1811 762 1923 820 tamen
1944 774 1996 818 au

233 892 279 954 po
300 888 364 957 pro
385 870 484 952 opud,
513 870 555 932 ab
585 861 669 933 ἀπὸ
698 864 893 948 derivanda,
921 872 1030 955 posita
1057 868 1114 945 sit,
1143 887 1248 949 quum
1265 869 1380 950 pastio
1400 886 1533 954 quoqne
1553 890 1587 935 v.
1599 870 1644 949 8.,
1665 871 1755 935 mont
1774 892 1930 939 uaccas
1951 876 1997 937 in

234 990 386 1079 lguviuis
409 988 532 1053 tabulis
552 986 597 1066 V,
609 1007 640 1065 a,
652 988 704 1053 25.
727 988 799 1051 sive
816 990 908 1069 posti
929 987 989 1067 111,
999 1004 1031 1065 a,
1045 988 1084 1051 13
1095 1004 1163 1069 sqq.
1176 985 1334 1069 h‚8sqq.,
1356 982 1503 1051 Graecae
1524 991 1768 1074 praepositioni
1787 988 1892 1079 προτί
1906 990 1997 1056 Cra-

239 1110 368 1172 ticacvc
387 1100 517 1195 nopsl
536 1103 747 1190 respondeat.
791 1104 967 1193 Significat
991 1113 1103 1167 autem
1119 1104 1235 1184 pastio
1255 1104 1356 1188 alogi,
1377 1107 1466 1169 sicut
1486 1106 1620 1193 alaugid
1639 1107 1748 1188 11‚tz.
1770 1110 1862 1173 iuter
1882 1110 1995 1175 verba

233 1226 306 1309 pud
324 1224 614 1292 ist-salamiam
624 1224 796 1288 Herakleia
816 1224 919 1307 (quod
937 1210 992 1287 est'
1005 1222 1157 1287 sacellum
1166 1222 1349 1303 Herculis),
1367 1242 1429 1305 pro
1451 1228 1597 1307 termino,
1618 1224 1709 1293 unde
1728 1226 1758 1307 1,
1769 1227 1812 1293 28
1822 1248 1868 1311 sq.
1891 1236 1993 1293 oster

234 1346 382 1428 slog(s'u)
403 1341 591 1407 Atellanam
612 1344 689 1408 inim
709 1343 891 1407 ll'nolunum
913 1340 1017 1419 (intra
1037 1343 1131 1427 finem
1151 1338 1341 1406 Abellanam
1361 1352 1394 1407 et
1414 1342 1588 1419 Nolanum)
1609 1344 1747 1431 legitur.
1791 1346 1910 1409 Verba
1925 1348 1992 1429 pai

235 1466 285 1547 s'pi
304 1466 335 1527 si
355 1461 453 1547 (quoe
472 1461 522 1527 iti
543 1460 626 1539 sint)
648 1460 691 1523 ad
712 1462 795 1545 ficas
815 1458 992 1523 referenda
1012 1457 1146 1539 docent,
1173 1480 1275 1542 quam
1300 1460 1421 1523 similis
1442 1462 1527 1525 Osca
1548 1462 1666 1549 lingua
1685 1462 1855 1528 Romanae
1883 1462 1991 1527 simul

235 1583 342 1644 tuerit
361 1590 460 1663 atque
481 1579 673 1658 Umbricae,
695 1578 736 1641 ab
758 1577 822 1640 hac
843 1588 954 1641 tamen
975 1580 1011 1641 in
1033 1598 1075 1643 eo
1096 1576 1243 1659 diversa,
1265 1578 1355 1663 quod
1373 1579 1603 1645 nominativus
1613 1578 1767 1664 pluralis,
1787 1584 1877 1647 sicut
1892 1582 1994 1671 geni·

235 1700 328 1764 titus
348 1698 538 1786 singularis,
561 1717 629 1760 nou
649 1700 686 1759 iu
707 1717 759 1769 ar,
780 1694 839 1760 sed
859 1696 1117 1761 us'Sahellornm
1140 1716 1235 1759 moro
1255 1700 1387 1763 exierit
1430 1696 1475 1765 St
1496 1715 1560 1783 pro
1580 1698 1649 1761 siat
1669 1700 1707 1759 in
1726 1697 1879 1787 Iguvinis
1901 1714 1998 1785 quo·

237 1838 300 1903 que
321 1817 445 1882 tabulis
465 1818 593 1903 legitur
601 1816 663 1895 Ill,
676 1834 705 1889 a,
717 1818 810 1883 6.27.
823 1816 857 1894 h,
867 1816 920 1893 3.;
942 1816 991 1895 s'pl
1010 1832 1094 1879 vero
1113 1833 1179 1899 pro
1199 1815 1249 1883 its·
1268 1836 1309 1880 eo
1330 1818 1437 1905 magis
1457 1814 1564 1881 scribi
1584 1815 1708 1899 potuit,
1729 1816 1817 1901 qnod
1835 1810 1907 1907 l'pc
1926 1834 1996 1881 an·
2071 1856 2098 1914 '.

236 1937 377 2019 tiquitus
398 1934 582 2033 dicehatnr.
1257 1932 1260 1938 '
1550 2014 1566 2030 .-
2075 1948 2082 1955 ·

403 2054 645 2137 Imperativum
666 2054 782 2123 titiant
802 2079 835 2124 v.
849 2062 890 2123 10
899 2078 959 2143 sq„
981 2060 1166 2144 quoprima
1186 2060 1375 2123 enuntiatio
1397 2039 1579 2137 claudith
1599 2052 1721 2123 lilitud
1729 2050 1856 2133 (liceto)
1870 2052 1994 2143 legan-

234 2172 317 2235 dum
337 2190 419 2249 esse,
442 2174 580 2257 quisquo
600 2174 702 2237 facile
721 2174 833 2251 vidct3
856 2179 1017 2255 qnoniam
1031 2196 1112 2235 vero
1134 2196 1196 2253 am,
1218 2172 1309 2257 quod
1329 2174 1510 2249 antecedit,
1531 2195 1599 2238 uon
1620 2192 1745 2237 nomen
1765 2182 1827 2253 cst,
1845 2170 1904 2235 sed
1924 2168 1989 2235 ad·

233 2290 390 2352 veroium
409 2310 498 2368 υμω
519 2308 582 2373 pro
603 2282 710 2369 ὁμοῦ
730 2291 875 2372 (utrique
893 2292 1010 2370 ports),
1031 2287 1120 2373 quod
1140 2291 1177 2352 iu
1197 2288 1405 2353 Mamertina
1424 2290 1647 2375 inscriptione
1667 2290 1824 2377 legimus,
1846 2290 1991 2355 trihulu-
2051 2261 2056 2269 ⁵

233 2408 293 2471 hue
312 2428 344 2471 v.
358 2408 406 2469 1⁰.
430 2407 600 2491 genitivus
612 2408 793 2489 partitivns
813 2416 864 2467 est
883 2426 948 2488 pro
970 2406 1148 2471 tribulosas
1170 2416 1277 2471 terrae
1295 2406 1472 2487 usofructo
1491 2409 1629 2492 positus.
1675 2406 1879 2473 Tritatatue
1899 2381 1991 2471 dero

231 2526 306 2588 sive
319 2521 497 2587 tribulatus·
505 2542 537 2586 v.
550 2526 590 2589 13
601 2532 635 2585 et
645 2526 696 2588 16.
718 2541 739 2585 a
759 2521 917 2609 tangendi
928 2524 1034 2587 verbo
1056 2526 1233 2588 contains
1254 2534 1339 2588 toret
1353 2522 1596 2609 pendet-quod
1615 2524 1657 2587 ah
1679 2528 1820 2607 antiquo
1841 2516 1993 2588 τόσσω
2086 2524 2091 2535 “

233 2639 457 2706 derivandum
477 2648 539 2717 cst,
560 2641 649 2702 sicut
658 2638 798 2702 Pindari
817 2642 1035 2726 participium
1054 2634 1232 2719 τόσσαις
1251 2652 1351 2724 atque
1362 2642 1508 2706 Homeri
1526 2634 1719 2727 sssoyor's.
1761 2642 1867 2705 Numa
1887 2634 1999 2719 r'tls'stff

234 2758 463 2825 cumGraecis
483 2756 639 2821 ablativis
660 2758 775 2845 νομῷ
795 2753 894 2844 ἰδίῳ
915 2758 1049 2841 (pascuo
1064 2758 1228 2843 proprio),
1249 2761 1365 2844 seuipd
1383 2782 1459 2825 cum
1480 2752 1534 2847 ἑῷ
1554 2756 1665 2847 πέδῳ
1686 2758 1761 2837 (asso
1782 2776 1868 2841 agro
1890 2771 1989 2822 ssor-
2050 2784 2057 2809 ·.

233 2880 320 2956 sum)
342 2873 605 2961 comparandum
626 2886 720 2958 puto,
743 2896 848 2957 quum
869 2878 970 2941 ctiam
989 2898 1023 2941 v.
1035 2882 1087 2943 21.
1110 2888 1196 2943 extr.
1217 2879 1308 2961 pdoa
1327 2898 1391 2963 pro
1412 2874 1546 2945 πέδον
1565 2880 1639 2942 sine
1659 2898 1678 2941 e
1697 2876 1799 2941 litera
1819 2877 1988 2959 scriptum

231 2998 286 3059 sit.
306 2992 373 3062 Aet
382 2995 525 3055 Latinae
536 2993 767 3072 conjunctioni
788 3002 835 3073 ut,
854 3002 932 3075 post
952 2994 1083 3076 velpns
1103 3016 1181 3060 cum
1201 2998 1400 3061 accusativis
1411 2996 1520 3077 felnis
1531 2994 1641 3081 (ficus)
1653 3006 1688 3059 st
1703 2996 1816 3079 {ianam
1828 2992 1988 3080 (ficem)
2103 3032 2106 3038 ·

232 3123 426 3177 constructa
436 3112 681 3196 praepositioni
689 3122 779 3193 post,
800 3110 912 3191 unfret
924 3132 1002 3175 cum
1013 3108 1128 3177 dativo
1149 3116 1229 3179 eires·
1250 3116 1370 3191 (cseiv.
1382 3114 1439 3193 23)
1461 3118 1542 3181 teres·
1561 3112 1795 3193 (huicterruc),
1817 3114 1909 3177 sicut
1928 3130 1990 3175 aa·
2066 3185 2070 3193 ¹

233 3243 283 3297 ter
292 3231 336 3309 11,
350 3232 401 3295 ll.
423 3248 503 3292 cum
522 3226 782 3293 determinativa
812 3238 907 3293 terem
935 3230 1063 3309 (terro),
1094 3232 1273 3313 conjuncta
1298 3232 1541 3315 praepositioni
1561 3231 1655 3312 infru
1676 3229 1863 3314 respondet.
1916 3226 1993 3295 Ast

231 3372 266 3417 v.
276 3352 327 3415 22.
343 3350 436 3411 inter
457 3348 523 3411 tius
544 3352 650 3417 (tenus
670 3366 691 3409 a
713 3347 848 3411 tenendo
870 3345 1008 3412 ductum
1024 3349 1080 3413 vel
1090 3348 1272 3429 κτῆνος),
1293 3358 1328 3412 et
1349 3348 1528 3414 thesauram
1539 3350 1736 3427 (thesaurum
1747 3346 1834 3434 apud
1843 3348 1991 3411 Patron.

231 3472 412 3554 inllragm.
435 3464 582 3551 Tragur.
605 3482 635 3529 c.
647 3465 700 3530 46.
723 3474 809 3529 extr.
831 3466 1017 3529 Burmanni
1038 3466 1096 3529 val
1115 3459 1361 3557 θησαυρός),
1382 3470 1420 3531 in
1440 3486 1506 3553 quo
1522 3466 1654 3533 Graeca
1668 3465 1992 3553 aspiratahlloma-

230 3606 357 3651 norum
377 3602 473 3646 more
493 3602 557 3667 per
577 3579 659 3645 duas
680 3583 809 3661 literas,
830 3581 1057 3670 diphthongus
1078 3603 1121 3647 au
1142 3594 1261 3649 contra
1282 3586 1378 3650 Oscis
1397 3588 1529 3671 pariter
1548 3588 1663 3673 ignota
1684 3605 1745 3671 per
1764 3604 1804 3647 ao
1825 3600 1993 3669 expressa

232 3716 294 3785 est,
316 3715 414 3789 atque
433 3702 612 3789 siguificat,
633 3702 722 3765 sicut
743 3702 779 3763 in
798 3700 942 3765 Bantiua
961 3702 1086 3781 tabula,
1112 3722 1215 3785 quum
1234 3706 1312 3771 inim
1334 3706 1528 3785 conjunctio
1542 3706 1771 3789 apronomine
1790 3722 1869 3767 enus
1891 3700 1992 3765 deri-

231 3834 311 3887 vata
331 3824 473 3909 proprio
493 3822 568 3885 item
589 3816 752 3883 vertenda
774 3821 829 3883 sit.
873 3818 1162 3901 Quemadmodum
1190 3824 1256 3887 tius
1276 3820 1486 3887 Graecorum
1505 3820 1615 3905 κτῆμα
1635 3823 1708 3885 sive
1728 3822 1992 3906 possessionem,

231 3960 315 4027 quae
337 3937 486 4024 quidem,
507 3948 548 4002 ut
568 3935 658 4023 apud
679 3938 812 4001 Festum
833 3936 950 4001 Gallus
969 3936 1087 4000 Aelius
1107 3935 1236 4019 definit,
1266 3960 1344 4003 usus
1364 3942 1442 4029 agri
1462 3949 1522 4003 aut
1541 3936 1698 4018 aedilicii,
1725 3958 1794 4001 uon
1812 3940 1886 4025 ipse
1907 3940 1992 3999 lun-

233 4059 295 4123 dus
316 4068 375 4123 aut
395 4075 478 4144 ager
498 4065 564 4136 est3
586 4058 636 4119 sic
657 4056 835 4120 stercorum
855 4054 968 4144 χρῆμα
988 4056 1129 4133 (honam
1149 4060 1221 4123 sive
1243 4058 1429 4139 quamlibet
1448 4059 1583 4141 copiam
1610 4056 1773 4145 designat,
1804 4057 1895 4119 sicut
1916 4053 1992 4134 jam

230 4176 384 4241 Naevius
404 4174 553 4239 Platonis
574 4192 696 4237 orcum
717 4178 860 4239 orciossm
882 4174 1062 4239 thesaurum
1074 4179 1222 4241 vocavit.
1251 4172 1374 4239 Potens
1386 4176 1482 4241 ml.
1495 4194 1632 4259 prorsus
1652 4176 1814 4239 Latinum
1837 4182 1899 4250 est,
1921 4190 1990 4237 uon

231 4316 315 4361 vero
337 4315 400 4381 pro
422 4284 532 4374 ὁμῶς
552 4294 738 4373 (similiter),
759 4295 849 4357 sicut
868 4312 918 4357 um
938 4314 974 4359 v.
986 4296 1111 4375 lllpro
1132 4283 1237 4375 ὁμοῦ
1257 4292 1379 4371 (simul)
1398 4295 1545 4379 positum
1555 4303 1649 4375 puto,
1671 4303 1707 4357 et
1727 4290 1904 4357 mmonnuls
1925 4290 1991 4355 ad·

234 4414 328 4479 tiaod
347 4416 419 4477 sive
439 4413 553 4495 potins
573 4412 709 4477 ortinod
728 4405 922 4499 (ἀρθμῷ)
944 4430 1008 4495 pro
1030 4412 1183 4475 comsaom'
1202 4409 1343 4490 foedere.
1388 4411 1559 4475 Postrema
1580 4411 1766 4475 enuntiatio
1785 4430 1819 4473 v.
1832 4410 1990 4488 25-32„

233 4552 316 4618 quae
337 4534 427 4593 sicut
446 4530 553 4594 altera
573 4530 615 4593 ah
638 4529 801 4593 adverbio
822 4532 899 4593 inim
920 4527 1021 4608 (item)
1041 4529 1175 4613 incipit,
1192 4529 1348 4591 mutilata
1364 4526 1499 4613 quidem
1519 4539 1554 4592 ct
1574 4530 1685 4592 literis
1705 4524 1908 4612 quibusdam
1928 4524 1989 4589 vel

232 4670 409 4736 perperam
432 4650 576 4711 exaratis
597 4649 653 4712 vel
680 4647 902 4735 singulariter
927 4646 1042 4733 ligatis
1063 4643 1162 4709 valde
1183 4647 1326 4710 obscura
1347 4656 1410 4725 est,
1438 4665 1501 4709 noc
1520 4647 1569 4709 ita
1589 4646 1690 4709 facile
1716 4642 1906 4729 supplenda
1927 4642 1989 4707 vel

234 4765 449 4853 explicanda3
479 4763 538 4828 sed
557 4768 588 4828 si
607 4767 754 4847 pohhuhc
774 4767 973 4854 πρόςκτησιν
995 4765 1280 4845 (acquisitionem),
1304 4766 1397 4830 s'ttom
1424 4756 1511 4829 ἴδιον
1531 4762 1711 4847 (propriam
1730 4762 1885 4845 aliquid),
1918 4761 1989 4825 utar

233 4892 318 4954 inam
337 4888 402 4953 αἰεί
422 4904 505 4949 vero
526 4886 594 4951 olio
615 4895 713 4969 atque
734 4884 802 4951 clia
821 4895 917 4967 parto
936 4883 1117 4971 significat,
1138 4881 1288 4946 hoclers
1308 4880 1408 4947 modo
1417 4880 1601 4966 supplenda
1610 4890 1645 4947 et
1655 4878 1817 4947 venandi
1826 4877 1988 4947 videtur:
