4244 5722
899 619 1223 688 ..15-.

156 798 290 862 tiorum
310 793 466 856 locorum
494 783 682 853 similitudo
708 793 802 851 tanta
830 793 892 866 est,
921 795 962 850 ut
988 783 1032 849 ad
1057 786 1143 849 Osca
1169 784 1274 851 verba
1293 782 1548 869 interpretanda
1567 786 1715 849 sufficiat
1734 784 1806 848 sola
1827 786 1899 849 iere

156 916 360 981 Latinorum
379 908 562 977 verborum
583 907 808 990 comparatio:
843 903 929 969 Osca
956 905 1047 968 enim
1067 923 1088 967 s
1108 903 1241 967 Latinis
1266 907 1401 968 nonnid
1418 906 1458 967 in
1477 903 1592 973 verbis
1617 913 1741 988 capere
1759 906 1900 970 mistreie

154 1032 253 1101 ettae
274 1034 381 1097 citatae
400 1027 574 1104 differunt,
604 1027 643 1088 in
662 1010 795 1108 ‹suibus'
812 1032 933 1105 ampert
953 1008 1093 1087 Graecis
1114 1022 1420 1119 praepositionibus
1450 1015 1564 1112 ἀμφὶ
1588 1014 1692 1111 trapi
1709 1024 1783 1088 sire
1803 1014 1900 1110 napi

155 1144 182 1217 τ’
205 1143 311 1238 α’μφὶ
329 1170 374 1215 rs
395 1145 483 1233 apud
502 1142 691 1256 Homerum
712 1141 903 1228 respondet,
935 1161 998 1206 neo
1029 1144 1100 1207 scio
1131 1162 1176 1207 aa
1201 1143 1238 1205 iu
1265 1142 1416 1230 Iguvinis
1438 1160 1572 1227 quoque
1599 1141 1726 1207 tabulis
1746 1139 1791 1221 V,
1801 1158 1832 1219 a,
1843 1139 1898 1208 36.

156 1266 265 1358 traps
285 1286 433 1335 amessa
451 1280 516 1348 pro
536 1251 619 1346 trapi
636 1261 769 1350 σπονδῇ
789 1260 1022 1347 accipiendum
1042 1263 1097 1328 sit
1141 1261 1221 1327 Osci
1241 1271 1333 1325 certe
1350 1270 1426 1342 pert
1446 1280 1510 1346 pro
1531 1255 1653 1346 trapi,
1683 1261 1773 1324 sicut
1791 1275 1901 1340 peram

154 1405 299 1473 proper,
318 1385 443 1448 dixisse
452 1379 624 1450 videntur.
666 1379 954 1464 Quemadmodum
975 1399 1057 1446 vero
1077 1383 1218 1447 mistreie
1237 1382 1344 1447 eituae
1359 1381 1432 1445 sire
1451 1378 1631 1464 praefectis
1641 1379 1767 1447 aeraria·
1785 1375 1901 1461 appol·

153 1506 239 1570 latio
257 1503 353 1567 alteia
370 1501 446 1564 sivo
466 1501 604 1573 eserieie
624 1499 802 1580 tribuitur,
824 1502 874 1564 sic
893 1501 1015 1566 meddin
1035 1502 1107 1564 sive
1125 1503 1340 1585 magistratus
1360 1497 1488 1563 dicitur
1508 1498 1611 1580 fortia
1631 1498 1666 1564 h.
1679 1491 1902 1564 dasoundam

46 1666 52 1673 -
155 1625 286 1689 Festum
311 1616 411 1702 frugi
436 1627 469 1683 et
496 1617 600 1688 bosus
628 1618 685 1682 vel
713 1618 852 1684 validos.
896 1618 990 1683 Idem
1017 1621 1053 1682 iu
1074 1618 1323 1683 Herculanensi
1347 1626 1383 1681 et
1403 1616 1604 1703 Pompejana
1622 1610 1901 1700 inscriptionibus

154 1739 299 1807 Meddiso
321 1737 455 1811 tortile,
471 1734 567 1822 apud
585 1737 726 1800 Livium
746 1734 878 1817 XXIV,
889 1740 922 1804 9.
943 1736 1076 1816 XXVI,
1088 1741 1118 1803 6.
1139 1738 1245 1800 medix
1271 1737 1404 1813 totino,
1434 1733 1526 1818 apud
1550 1737 1684 1800 Festum
1703 1753 1731 1798 s.
1753 1753 1787 1797 r.
1809 1728 1901 1813 sufes

153 1874 235 1923 vero
254 1855 376 1920 mediae
399 1859 522 1920 tuticus
543 1853 577 1918 b.
598 1872 629 1925 s.
650 1872 787 1939 magnus
807 1852 913 1918 audit.
955 1855 1094 1923 Meddix
1112 1855 1186 1917 sine
1206 1850 1311 1916 dubio
1332 1849 1541 1916 Graecorum
1561 1848 1698 1934 μέδων
1718 1859 1781 1928 est,
1812 1845 1902 1911 ands

150 1975 355 2040 Latinorum
376 1990 508 2057 quoque
527 1973 739 2039 mediastinus
759 1974 832 2037 sivo
854 1982 988 2037 curator
1012 1969 1218 2036 derivandos
1245 1967 1399 2049 videtum
1429 1971 1495 2033 etsi
1519 1988 1603 2035 vcro
1628 1969 1750 2034 meddie
1781 1983 1903 2030 nomon

150 2089 194 2156 ad
215 2093 355 2156 tertiam
374 2091 489 2177 potins
510 2091 674 2176 quemad
701 2089 882 2155 secundam
908 2089 1169 2155 declinationem
1196 2086 1412 2153 referendum
1438 2086 1588 2168 videtur,
1620 2089 1651 2152 is
1683 2097 1807 2164 tamea,
1842 2083 1902 2166 qui

151 2229 216 2297 9¹⁸⁰
235 2210 437 2298 magistratu
457 2209 542 2296 agit,
561 2228 597 2275 v.
619 2213 671 2277 13·
693 2217 729 2272 et
747 2212 800 2275 21.
820 2229 886 2290 pne
906 2210 1080 2273 meddixud
1098 2227 1199 2285 agera
1220 2206 1358 2270 dicitnr.

318 2327 386 2385 Pro
406 2323 516 2384 hereat
533 2319 571 2378 iu
591 2315 725 2380 Latinis
745 2316 878 2402 legibus
898 2318 985 2380 rotet
1005 2317 1180 2393 scribitur,
1207 2313 1297 2378 nndc
1318 2315 1440 2382 terraer
1459 2337 1595 2400 quoquo
1621 2324 1658 2381 in
1679 2322 1833 2406 [gavinia
1853 2328 1905 2383 tg-

155 2446 245 2509 bnlis
264 2437 452 2512 V11,a,52
475 2432 547 2493 sivo
567 2428 673 2493 temes
694 2429 864 2507 vtato.
889 2428 993 2508 1v‚a‚
1006 2433 1055 2493 10.
1078 2429 1123 2506 V,
1134 2430 1167 2507 b,
1181 2433 1232 2493 21.
1262 2447 1326 2513 pro
1354 2431 1472 2492 tuturo
1500 2431 1649 2514 simplici
1670 2432 1903 2516 accipiendum

152 2554 300 2630 videtur,
322 2543 793 2627 sicuttaateetnaooee.
806 2543 929 2624 V11,a,
941 2549 992 2612 46.
1004 2545 1071 2623 bl,
1091 2539 1410 2626 uisegIV,a,15.‚
1432 2545 1905 2634 armeescetmadcul'ese

153 2671 373 2753 V,b,27sq.,
405 2661 643 2752 distinguenda
660 2668 697 2727 'a
727 2665 853 2727 futuris
879 2664 1006 2727 exactis
1030 2662 1135 2727 babos
1155 2662 1339 2744 V1‚a,to.,
1367 2666 1495 2746 darec
1515 2664 1563 2747 V,
1574 2666 1608 2746 b,
1621 2672 1672 2736 16.
1694 2640 1772 2731 sivo⁸
1789 2667 1906 2734 bmust

153 2791 335 2870 istaut,
356 2782 520 2860 antioc
535 2781 582 2862 V,
593 2781 624 2856 b,
634 2783 688 2848 ut.
710 2782 784 2845 sive
806 2782 995 2848 cuatuor
1014 2780 1196 2864 111,a,1t.,
1218 2779 1475 2869 redamemus
1495 2782 1558 2866 1v,
1570 2783 1604 2863 b,
1614 2787 1668 2853 28.
1679 2788 1734 2853 31.
1745 2786 1800 2854 34.
1813 2784 1903 2867 V,a,

152 2915 184 2979 7.
197 2912 228 2976 9.
251 2909 326 2971 sivo
345 2898 768 2988 medresiaclvffld„
788 2899 1381 2982 perdtaaatt)v1,a,1e,23.2⁷.3s.
1403 2904 1476 2967 sive
1495 2902 1836 2985 pordtmiueeV11,a‚
1848 2906 1902 2974 ts.

155 3021 345 3113 Respondet
365 3031 477 3086 autam
497 3018 604 3085 terea
619 3017 752 3082 Graeco
768 3019 873 3084 verbo
883 3011 1058 3108 χαιρήσεις
1078 3018 1342 3102 quomodovero
1362 3021 1480 3086 mattae
1499 3033 1577 3088 ante
1597 3023 1807 3088 infinitivum
1826 3022 1905 3088 mol·

157 3157 242 3211 taum
268 3136 558 3225 interpretandum
586 3139 642 3213 sit,
670 3134 808 3198 difficile
835 3145 887 3199 est
911 3134 1017 3201 dictu
1066 3135 1120 3199 Ns
1140 3139 1230 3199 onim
1249 3138 1365 3202 amitae
1385 3140 1536 3205 matteum
1556 3144 1605 3205 sic
1625 3144 1903 3228 interpretemur,

155 3255 433 3348 quemadmodum
453 3254 591 3320 Plautus
601 3252 707 3319 Stich.
718 3253 781 3332 111,
794 3257 826 3331 l,
837 3257 878 3322 18
889 3275 939 3339 sq.
959 3255 1066 3319 solius
1087 3255 1324 3320 alliterationis
1344 3276 1445 3322 musa
1464 3259 1620 3344 scripsit:
1645 3258 1743 3326 »Scio
1758 3261 1903 3339 scirele,

626 3371 736 3454 Quam
755 3373 872 3437 auitae
892 3381 1006 3438 tecum
1026 3376 1173 3440 miseriae
1192 3375 1427 3455 mulctaveria«

155 3496 334 3586 singularis
354 3510 514 3555 numerus
534 3491 704 3576 probibet,
726 3510 793 3574 quo
813 3492 913 3557 molta
932 3512 1064 3579 semper
1083 3495 1119 3555 in
1140 3492 1256 3557 tabula
1276 3503 1391 3557 nostra
1410 3504 1573 3580 usurpata
1593 3495 1729 3584 legitur.
1774 3494 1904 3577 Quodsi

154 3618 268 3684 molter
279 3614 448 3703 genitivus
468 3618 529 3688 est,
560 3611 650 3672 sicut
670 3612 787 3689 situas,
809 3611 839 3672 is
860 3630 939 3675 cum
959 3611 1128 3674 infinitivo
1148 3611 1298 3677 molinum
1317 3610 1436 3677 eadem
1455 3613 1558 3679 modo
1579 3616 1802 3703 construitur,
1835 3634 1903 3698 quo

153 3738 310 3820 potamiae
331 3733 483 3797 damnare
501 3728 559 3792 val
580 3729 755 3812 quadrupli
773 3731 981 3812 irrogatione
1000 3729 1136 3795 multare
1154 3728 1313 3797 dicabant
1332 3731 1485 3799 Romani.
1532 3708 1663 3798 'Totam
1688 3750 1772 3823 vero
1799 3733 1903 3818 primi

155 3857 273 3942 capitis
294 3850 557 3916 additamentum
577 3848 627 3910 sic
645 3845 847 3914 vertendum
867 3846 1027 3914 videtur:
1773 3852 1778 3859 “

318 3967 478 4048 Scorpio
497 3965 639 4030 costmsd
658 3969 747 4032 ereio
761 3967 920 4049 sifacem,
943 3970 1014 4033 arti
1055 3984 1184 4032 comosa
1225 3965 1343 4050 mutat,

317 4088 358 4154 Si
412 4087 487 4170 quis
517 4094 636 4148 contra
656 4087 692 4147 in
705 4087 770 4151 isto
785 4089 918 4167 iecerit,
933 4096 1033 4172 atquo
1043 4103 1221 4166 commuue
1234 4087 1332 4173 petit,

403 4206 511 4271 uasta
531 4205 644 4279 mobto
666 4206 761 4277 ested
778 4224 810 4269 a.
839 4207 872 4268 Φ
886 4209 928 4269 Φ.

402 4323 493 4403 justa
529 4322 637 4387 multa
672 4334 744 4388 esto
771 4343 807 4391 n.
827 4323 928 4389 ΜΜ.

320 4442 361 4507 la
387 4460 465 4506 eoae
488 4443 542 4522 pis
568 4443 644 4508 ioue
672 4442 775 4523 fortia
814 4442 938 4508 meddie
996 4440 1146 4508 matteum
1164 4440 1283 4524 hereat,

320 4557 362 4625 Et
398 4561 523 4644 siquis
550 4579 628 4626 enm
655 4563 755 4626 iortis
775 4563 992 4650 magistratus
1002 4562 1148 4627 multare
1156 4562 1262 4643 volet,

403 4687 526 4761 smpert
563 4682 704 4748 mistreis
755 4681 853 4747 alteia
873 4684 980 4747 situas
999 4681 1117 4747 maltos
1136 4681 1284 4747 molturam
1305 4680 1432 4748 licitsd.

402 4816 556 4863 unacum
567 4800 737 4888 magistris
762 4801 980 4868 altisaerarii
992 4801 1121 4864 multae
1133 4799 1279 4865 multare
1293 4799 1406 4865 liceto.

901 4958 1151 4977 m
