4244 5722
909 617 1160 683 ..17-

50 850 54 858 .
160 800 281 858 uanus
299 760 727 880 mter'gffifivospluffis
737 779 870 847 numeri
882 779 1014 845 siculam
1024 781 1173 845 aesinam
1186 778 1293 855 (huna
1305 799 1419 846 aarum
1437 782 1528 847 enim
1546 784 1806 874 intelligendum
1826 807 1908 869 esse,

160 909 455 978 manducatori
475 907 513 975 X
533 906 682 971 munais
702 922 736 965 v.
749 899 801 966 25.
823 896 957 971 docent)
978 895 1021 960 ad
1043 892 1165 975 δίκας
1185 895 1497 986 raaaaooaas'oa
1517 906 1641 985 refero,
1674 925 1819 989 quarum
1838 907 1911 972 He·

159 1027 341 1094 maleam
361 1027 476 1095 tabula
495 1023 593 1108 prior
611 1043 647 1086 v.
658 1023 710 1089 49.
733 1029 768 1084 et
788 1017 957 1102 posterior
986 1019 1130 1099 v.26sq.
1152 1019 1317 1084 meminit.
1366 1019 1438 1082 Has
1466 1016 1557 1084 dicas
1582 1032 1707 1104 autem,
1744 1045 1848 1110 quum
1873 1025 1911 1089 iu

159 1156 278 1213 norme
304 1146 423 1213 tabula
447 1137 733 1226 reciperatoribue
757 1138 795 1200 in
813 1136 950 1221 privato
968 1131 1097 1216 judicio
1120 1145 1343 1220 opponantur,
1372 1137 1474 1201 alitor
1502 1139 1771 1224 interpretandas
1792 1163 1912 1211 aenaea

161 1285 263 1348 mam
283 1262 501 1330 Masoahiuaz
523 1259 664 1346 legimus
686 1258 776 1320 enim
796 1257 885 1320 asae
905 1272 944 1316 en
964 1252 1096 1317 zicalsd
1114 1254 1247 1318 stratam
1268 1254 1397 1324 XXX.
1414 1258 1562 1322 aesimon
1583 1264 1798 1326 romanamet
1817 1262 1914 1344 tapso

160 1383 195 1449 h.
219 1401 250 1448 e.
272 1381 335 1448 laos
353 1375 534 1459 tajadteio
546 1375 748 1458 judiciorum
771 1370 901 1440 XXX.
922 1372 1111 1436 sasimorum
1132 1369 1219 1456 (agr)
1241 1391 1397 1438 commane
1422 1393 1487 1439 aaa
1512 1379 1610 1459 petit,
1638 1398 1724 1462 quae
1744 1381 1852 1446 verba
1871 1391 1913 1447 ut

161 1509 258 1565 reeta
277 1496 533 1583 intelligamur,-
551 1490 789 1578 inquirendum
814 1500 866 1555 est
892 1491 929 1552 in
948 1489 1021 1555 vim
1046 1487 1208 1569 adjectivi
1227 1494 1387 1557 aesimon.
1429 1492 1469 1555 In
1489 1493 1555 1558 fine
1576 1492 1753 1582 capuanae
1774 1496 1911 1582 quidam

160 1614 392 1702 inseriptionia
412 1611 580 1696 adjectivo
601 1615 748 1692 masiano,
769 1611 913 1675 sirecte
933 1606 984 1671 ibi
1005 1607 1144 1694 legitur,
1166 1609 1327 1673 Latinum
1347 1609 1507 1677 sollennia
1528 1613 1732 1700 respondere
1752 1614 1911 1698 videtum
1971 1596 1974 1604 Δ

162 1706 219 1801 sed
237 1733 268 1797 ai
287 1751 307 1797 a
326 1749 413 1798 nexa
434 1743 528 1797 recte
548 1729 738 1806 deducitur,
772 1727 1120 1811 connexumproprie
1142 1735 1176 1790 et
1197 1729 1429 1792 continuatum
1453 1728 1584 1814 aliquid
1605 1734 1781 1821 signifieat.
1824 1734 1913 1801 Sunt

159 1852 269 1939 igitur
286 1851 392 1917 airola
412 1851 542 1918 XXX.
565 1851 696 1927 mama,
723 1850 753 1911 si
778 1839 889 1922 δίκαις
915 1841 1169 1933 τριακοσταίαις
1192 1843 1410 1928 respondent,
1437 1846 1565 1928 judicia
1584 1869 1646 1934 per
1673 1854 1820 1937 triginta
1839 1851 1912 1922 dies

162 1971 366 2046 aantinuets,
387 1967 469 2035 dum
488 1967 648 2033 adversm
668 1967 810 2049 injustos
831 1961 1013 2043 debitores,
1034 1972 1074 2027 ut
1087 1961 1261 2025 Maaoohii
1281 1963 1396 2027 verbis
1417 1975 1507 2046 utar,
1535 1966 1681 2051 spatium
1704 1981 1914 2036 menstruum

160 2083 205 2163 (v.
224 2087 658 2161 31..aiaoloa171.aeaiatam
677 2084 818 2174 legitur)
838 2080 1133 2168 praestituebatur,
1155 2098 1222 2163 quo
1244 2081 1370 2166 elapso,
1391 2084 1421 2144 si
1441 2102 1463 2145 a
1482 2080 1713 2152 detentoribus
1734 2089 1811 2169 jura
1832 2090 1913 2154 satis

157 2202 277 2270 multis
295 2209 525 2273 monumentia
543 2204 772 2270 demonstrata
791 2204 944 2281 inissent,
965 2201 1078 2266 statim
1093 2195 1364 2263 aausaadvsrsus
1385 2217 1442 2264 eoa
1459 2206 1690 2287 pronuntiate,
1712 2204 1754 2271 ad
1776 2225 1913 2274 exsecu-

160 2322 290 2389 tionem
310 2326 364 2385 ret
384 2320 552 2400 iudicatae
572 2313 800 2381 deveniretur.

328 2435 451 2496 Totius
474 2431 593 2513 capitis
613 2432 728 2493 versio
749 2428 833 2489 haee
853 2437 924 2489 ast:

199 2548 290 2618 Suae
307 2548 363 2631 pis
381 2566 445 2631 pra
464 2544 640 2611 maddizad
679 2544 779 2610 altrat
821 2552 930 2608 caetra
951 2542 1044 2608 sasai
1063 2543 1171 2609 deses
1191 2548 1324 2614 attalam
1344 2551 1465 2633 diasat,

200 2665 241 2732 Si
278 2667 354 2752 quis
374 2684 438 2752 pro
460 2667 660 2754 magistratu
670 2666 706 2727 in
716 2663 824 2728 altera
834 2662 920 2725 urbe
940 2664 1033 2726 socia
1053 2666 1180 2727 aerarii
1191 2683 1324 2732 eausam
1345 2667 1483 2750 dixerit,

199 2787 264 2852 iaie
285 2803 415 2850 couoao
455 2786 493 2850 ai
534 2783 639 2868 ataid,
661 2785 736 2865 aeip
759 2781 983 2861 doaaptootod
999 2783 1184 2865 petinspert
1203 2803 1284 2850 ame
1304 2796 1411 2868 amat,

198 2905 249 2968 aio
266 2921 445 2968 commune
455 2921 523 2966 non
533 2903 631 2986 petit,
674 2920 738 2965 nee
781 2900 944 2966 duntaxat
1025 2912 1145 2984 quater
1187 2921 1286 2967 orans
1308 2907 1442 2984 aruerit,

199 3023 291 3106 &pas
308 3041 419 3105 persua
439 3020 544 3087 daiam
563 3019 699 3099 mattam,
763 3021 940 3084 intratam
1001 3019 1073 3084 sico
1158 3028 1249 3085 taeta
1278 3033 1450 3104 peruuart,

200 3141 307 3206 soiens
326 3159 390 3226 per
431 3138 547 3204 dolum
567 3140 706 3216 malum,
727 3132 1469 3223 ettmstratumJudtciumtotumperemerit,

198 3260 380 3342 petiropert
400 3258 477 3338 aeip
496 3256 601 3339 avagia
651 3254 769 3336 positis
811 3272 878 3317 com
896 3256 1072 3334 praiaatsd
1090 3257 1212 3320 acted.-

200 3385 320 3463 q'uator
402 3394 465 3439 nea
486 3375 641 3460 pluribus
651 3373 785 3437 vicibus
803 3392 880 3435 cum
917 3373 1053 3457 privato
1094 3376 1208 3460 agitor

197 3503 314 3580 prater
331 3513 406 3576 pava
507 3518 516 3527 ·
549 3492 773 3557 medicatiaom
875 3489 990 3568 didist,
1033 3493 1069 3555 in
1096 3491 1272 3573 poadoama
1303 3492 1389 3560 XX.
1552 3501 1912 3596 eoaprer'ootttdtmtat,

199 3608 557 3702 praeterquamquod)
566 3610 873 3695 compensationem
881 3604 1023 3683 dederit,
1031 3607 1911 3713 etponderationeXX(reeiperat.)privatimoressit,

201 3735 291 3800 etiae
364 3752 404 3796 ea
425 3729 556 3796 aazia
595 3728 728 3794 meolam
748 3726 873 3792 XXX.
968 3728 1117 3791 aestuata
1191 3747 1349 3793 comanam
1379 3731 1415 3795 aa·
1445 3728 1549 3813 tipid.

200 3851 266 3917 hoe
276 3853 359 3941 (agi)
369 3853 406 3913 in
417 3845 545 3930 judicio
557 3845 762 3927 judiciorum
771 3840 883 3910 XXX.
896 3844 1170 3909 continuatorum
1180 3864 1357 3910 commune
1367 3865 1436 3910 non
1446 3853 1543 3934 petit.

202 3969 289 4039 Suae
308 3972 361 4054 ais
386 3966 526 4034 contrad
544 3967 634 4032 eseia
654 3964 813 4046 tofacea,
835 3966 913 4029 ioac
931 3981 1007 4027 evae
1023 3964 1080 4045 pis
1100 3962 1208 4028 hereat
1256 3966 1377 4032 aseddie
1458 3968 1619 4051 maltam,

203 4089 243 4156 Si
284 4090 359 4174 quis
380 4096 498 4151 eontra
518 4086 555 4148 in
576 4086 641 4149 isto
664 4083 796 4163 iecerit,
832 4100 909 4144 eum
941 4081 971 4142 si
1002 4083 1078 4162 quis
1098 4083 1192 4147 volet
1211 4085 1427 4173 magistratus
1447 4087 1607 4170 multare,

203 4207 341 4276 licitads
375 4214 496 4288 arapm
536 4204 677 4269 miserete
718 4201 815 4266 alteia
837 4201 943 4264 situas
965 4199 1093 4265 licitae.

200 4325 330 4390 liaeto=
350 4344 419 4389 uua
439 4342 516 4387 eum
536 4321 708 4411 magistris
728 4319 807 4385 altis
827 4319 954 4386 aerarii
975 4317 1089 4383 liceto.

630 4544 669 4623 3.
725 4540 891 4621 Tertiam
915 4541 1110 4620 Bantinos
1134 4541 1287 4620 tobalea
1311 4561 1440 4653 eaput.

327 4677 486 4745 Tertium
505 4688 607 4763 eaput
626 4698 647 4743 a
667 4679 903 4761 conjunctione
921 4695 989 4757 poa
1009 4678 1141 4763 incipit,
1164 4698 1247 4762 quaa
1267 4680 1310 4742 ab
1331 4679 1492 4745 Umbrica
1506 4700 1592 4767 pane
1611 4687 1660 4750 sio
1681 4684 1826 4760 dadueta
1846 4709 1908 4781 m,

162 4796 440 4885 quemadmodum
459 4797 585 4863 Latina
611 4817 678 4863 eam
703 4798 745 4862 ab
772 4797 912 4880 antiqua
938 4814 1024 4861 come
1050 4797 1087 4859 in
1107 4794 1234 4861 Saliari
1260 4801 1409 4865 carmina
1429 4798 1518 4886 apud
1539 4801 1704 4870 Scaurum
1724 4806 1768 4874 da
1788 4813 1908 4882 ortha-

160 4915 302 5007 graphia
319 4920 501 5007 pag-2261.
522 4914 576 4984 ed.
595 4916 727 4985 Paean
772 4915 914 4984 cessam
933 4926 985 4981 est
1008 4914 1186 4985 censorin
1206 4896 1392 5003 provintiis
1415 4917 1568 4988 ornator
1589 4920 1711 5008 dimus,
1729 4929 1821 4998 unde
1838 4954 1904 5023 μ

1408 5089 1431 5153 3
