4244 5722
195 812 315 877 habant
344 829 408 894 por
436 828 477 891 e,
508 824 612 895 quum
642 807 816 898 legaretur
844 824 909 895 per
927 825 950 870 a
969 807 1139 886 conoul,
1171 806 1261 872 unde
1280 807 1318 871 in
1338 804 1455 903 multia
1474 804 1578 870 etiam
1604 796 1795 868 nominibm
1813 794 1929 859 variae

193 940 272 996 eunt
292 930 499 1014 scripturae,
529 937 570 992 ut
596 929 735 992 tontes
757 936 791 991 et
811 930 968 1004 tuntas,
999 921 1173 989 frondes
1206 932 1241 988 ot
1260 922 1473 990 trundesat
1505 921 1594 987 nihil
1614 916 1706 985 alind
1724 915 1804 991 inde
1823 911 1931 995 sequi·

193 1058 269 1129 tur,
302 1067 401 1134 quam
428 1046 519 1132 quod
546 1043 720 1130 alphabeta
744 1046 871 1111 veteris
888 1040 1009 1125 ileliae
1028 1042 1166 1123 docent,
1196 1043 1360 1124 Umbros,
1391 1051 1432 1107 nt
1453 1043 1569 1116 Oscos,
1599 1038 1791 1103 Tuscorum
1817 1028 1930 1095 literis

192 1186 272 1230 usos
292 1185 398 1249 apro
418 1184 450 1245 ο,
469 1164 638 1230 Romanos
656 1180 741 1230 vero
762 1184 805 1229 ex
824 1158 963 1248 entique
984 1162 1210 1241 Graemmm,
1238 1160 1328 1225 nude
1348 1162 1466 1227 literas
1487 1179 1564 1224 suas
1584 1174 1762 1240 accepera,
1790 1167 1929 1217 consue·

191 1282 309 1349 tudine
339 1302 443 1367 opro
462 1302 485 1346 ιι
505 1283 694 1366 eeripeieee',
725 1283 768 1347 of.
790 1280 955 1347 Priscian.
986 1301 1019 1365 p.
1038 1281 1112 1346 554.
1153 1280 1203 1345 Eo
1225 1288 1377 1364 tempora
1397 1296 1513 1367 vero,.·
1531 1296 1596 1363 quo
1616 1273 1779 1365 Iguuinos
1799 1266 1930 1333 tabulae

192 1402 435 1479 exarabantur,
468 1419 538 1464 nou
557 1398 679 1464 Taenia
699 1396 850 1484 quidem,
882 1396 942 1463 sed
962 1399 1093 1462 Latum
1114 1398 1224 1463 literis
1243 1419 1264 1463 o
1284 1406 1320 1463 et
1338 1417 1378 1479 a,
1411 1398 1493 1462 licat
1518 1415 1617 1482 saepe
1644 1392 1932 1479 permutarenture

193 1517 359 1604 distingui
384 1523 454 1600 jam
480 1517 643 1583 solebant.
690 1517 875 1603 Perparam
894 1518 1003 1605 igitur
1020 1517 1163 1602 Lepcim
1184 1516 1226 1583 de
1246 1517 1335 1582 tabba
1356 1515 1485 1604 Eugub.
1506 1535 1540 1601 p·
1561 1515 1604 1580 30
1624 1534 1672 1596 sq.
1694 1509 1751 1592 id,
1781 1502 1871 1593 quod
1890 1501 1931 1564 ad

192 1639 381 1722 scripturae
410 1655 517 1725 genus
546 1633 754 1721 pertinebat,
785 1634 828 1700 ad
847 1633 1063 1701 divereorum
1094 1642 1284 1719 temporum
1315 1633 1628 1719 pronuntiationem
1647 1629 1777 1693 retulit.
1818 1624 1933 1688 Solent

192 1761 304 1819 autem
323 1753 458 1817 vocales
478 1750 661 1817 secundum
680 1750 772 1817 huno
792 1750 945 1818 ordinem
964 1755 1059 1818 iuter
1078 1770 1115 1817 se
1135 1755 1341 1836 permutari:
1364 1756 1388 1832 i,
1410 1773 1436 1828 c,
1458 1773 1492 1834 o,
1513 1771 1547 1830 o,
1566 1769 1602 1831 u,
1621 1769 1653 1815 a.
1672 1766 1701 1810 ο.
1724 1749 1820 1812 ieie
1841 1760 1932 1807 erun
1962 1807 1964 1810 ⁴

191 1880 227 1936 et
246 1869 476 1957 aeonum
497 1878 532 1935 et
552 1871 680 1958 nFap,
695 1860 778 1936 ἀπι
799 1879 833 1935 et
853 1890 943 1945 orta,
959 1870 1075 1934 ituto
1096 1877 1132 1933 et
1152 1879 1283 1952 eluto,
1302 1873 1412 1936 tasio
1435 1879 1470 1935 et
1490 1880 1617 1948 tanes,
1639 1865 1741 1951 poni
1761 1870 1796 1927 et
1815 1877 1931 1944 poue.

192 1988 355 2073 Reliquae
374 1988 542 2055 vocalium
570 1989 835 2072 permutationes
855 2007 955 2051 rarae
974 1995 1070 2064 sunt,
1103 1997 1138 2052 et
1158 1988 1353 2073 plerumque
1379 1988 1515 2073 quidem
1542 1990 1579 2051 iu
1599 1984 1745 2053 dirersis
1765 1972 1936 2043 scribendi

191 2106 394 2192 generibus,
412 2113 456 2169 ut
473 2124 493 2170 e
512 2112 547 2173 at
566 2127 588 2169 o
607 2107 644 2168 iu
662 2105 836 2172 FornFn
857 2113 892 2172 et
910 2115 1056 2181 vetuo,
1084 2127 1106 2168 o
1127 2113 1161 2169 et
1180 2127 1201 2170 o
1222 2107 1258 2167 in
1278 2102 1503 2191 Πρισιατι
1523 2114 1559 2169 et
1578 2104 1795 2167 Preetote=
1818 2115 1895 2159 nam
1915 2114 1936 2157 o

192 2228 227 2288 ot
247 2223 413 2289 uLatinie
432 2222 543 2287 literis
564 2223 763 2308 permutari,
783 2241 824 2285 ex
845 2224 1035 2287 aseriatu
1056 2229 1091 2285 et
1111 2224 1295 2286 aseriato
1317 2230 1390 2285 otu
1410 2222 1625 2306 VI,a,dleq.
1647 2218 1789 2302 probari
1809 2210 1935 2296 nequit*

191 2342 316 2405 Rarior
335 2342 437 2405 etiam
450 2350 501 2405 est
520 2338 643 2424 duplex
663 2341 831 2403 vocalium
848 2341 1076 2424 permutatio,
1101 2346 1142 2402 ut
1162 2340 1176 2404 i
1195 2338 1251 2404 val
1272 2360 1289 2402 e
1309 2348 1345 2403 et
1363 2360 1402 2419 ο,
1424 2359 1445 2403 ιι
1465 2348 1500 2403 et
1519 2359 1558 2402 ιιι
1590 2358 1668 2401 nam
1687 2331 1877 2416 sopatro
1898 2330 1935 2390 in

193 2459 259 2523 tab.
282 2457 310 2523 1.
334 2465 370 2522 el
387 2456 434 2522 V.
463 2475 528 2541 pro
558 2454 746 2536 annedae
776 2456 813 2519 in
833 2456 898 2519 tab.
922 2457 986 2521 Ν.
1017 2466 1052 2520 et
1070 2455 1259 2520 oomoltu
1288 2457 1325 2516 in
1356 2456 1424 2519 tab.
1455 2455 1516 2519 Vl.
1539 2464 1574 2518 et
1593 2455 1670 2519 vn.
1702 2452 1934 2517 diversitatem

193 2587 385 2660 temporum
404 2571 538 2658 prodit,
558 2572 679 2656 quibua
699 2574 832 2637 tabulae
847 2572 1166 2656 perscribebantur,
1196 2582 1231 2636 et
1250 2592 1271 2636 o
1291 2572 1403 2636 finalis
1431 2592 1496 2656 pro
1517 2592 1543 2647 e,
1564 2575 1590 2653 i,
1611 2574 1656 2647 ei,
1682 2579 1723 2634 ut
1741 2573 1778 2633 in
1799 2566 1933 2633 Trebo

193 2713 258 2775 pro
284 2689 390 2779 Τρεβι
411 2689 484 2754 sire
501 2688 669 2769 Trifei,
690 2691 721 2751 ei
741 2687 910 2754 Gruterus
930 2688 993 2770 VI,
1014 2690 1047 2770 b,
1069 2691 1122 2757 58.
1153 2687 1190 2752 id
1211 2698 1304 2755 reete
1323 2692 1565 2774 transcriptum
1587 2690 1738 2768 exhibet,
1759 2688 1851 2750 lieo
1873 2703 1935 2767 pro

196 2809 302 2887 Φισι,
330 2805 461 2870 Tairo
481 2810 547 2890 pro
570 2803 702 2895 Tagoda,
733 2805 843 2894 Τεφρι
862 2808 936 2871 sive
957 2808 1129 2887 Tefrei,
1166 2809 1268 2873 etiam
1296 2828 1478 2873 ourneeo
1500 2829 1564 2894 pro
1584 2827 1766 2872 carnaea
1785 2804 1852 2870 tab.
1876 2801 1935 2878 Vl,

193 2926 308 3004 initio,
329 2924 464 2987 nonnisi
482 2906 853 3031 ilexiouie„gerietetem
873 2924 1009 2990 indicat.

358 3041 390 3107 9.
431 3041 568 3104 Vocalie
597 3012 749 3125 gu'hbque
780 3049 815 3107 et
845 3041 988 3129 produci
1019 3051 1054 3107 et
1078 3045 1212 3128 ,corripi
1243 3053 1392 3130 poteret:
1424 3046 1503 3111 hinc
1530 3046 1735 3128 syllabarum
1756 3044 1936 3126 quantitas,

192 3161 259 3224 uisi
278 3178 364 3244 quae
383 3158 513 3222 uocalis
527 3159 588 3224 ¹vel
607 3159 798 3246 geminetur
826 3161 884 3225 vel
904 3180 981 3224 oum
1002 3159 1211 3249 diphthongo
1241 3160 1384 3245 quadam
1404 3171 1636 3247 permutetur,
1668 3182 1708 3227 ex
1728 3162 1846 3225 Latini
1866 3178 1936 3222 ser-

193 3279 301 3341 monis
323 3274 437 3340 indole
460 3277 660 3361 plerumque
681 3275 894 3359 dijudicanda
926 3287 986 3342 eet.
1030 3278 1087 3342 Sic
1107 3299 1129 3340 o
1149 3277 1185 3340 in
1206 3299 1395 3356 πεσναες
1425 3280 1488 3361 Ν,
1508 3281 1544 3360 b,
1564 3281 1596 3346 2.
1628 3276 1845 3363 producenda
1875 3283 1936 3354 est,

193 3398 362 3480 quianon
382 3393 494 3458 solum
521 3414 720 3484 περναιις
739 3394 924 3476 antecedit,
956 3395 1015 3461 sed
1040 3398 1151 3461 etiam
1172 3396 1234 3478 IV,
1255 3418 1286 3479 a,
1310 3403 1358 3464 ll.
1391 3419 1642 3485 πειστναιαφ
1672 3399 1816 3484 legitur:
1848 3393 1938 3459 idem

192 3514 285 3578 valet
303 3511 347 3577 da
365 3520 521 3596 pereae
540 3511 603 3587 Vl,
624 3511 658 3591 b,
678 3511 732 3580 58.
755 3520 790 3575 et
810 3531 842 3594 a,
862 3516 907 3592 3.,
929 3517 1010 3598 quia
1029 3513 1093 3594 IV,
1114 3534 1146 3595 a,
1165 3516 1218 3582 28.
1238 3519 1290 3582 3².
1311 3519 1363 3584 45.
1390 3515 1549 3607 radoan
1576 3518 1740 3600 seriptum
1767 3523 1827 3581 est.
1875 3511 1937 3577 Ce-

192 3641 305 3696 terum
325 3648 372 3695 ae
393 3628 496 3697 etiam
516 3628 761 3719 diphthongum
783 3651 870 3713 esse,
901 3651 1078 3714 persaea
1098 3633 1178 3707 Vll,
1199 3655 1231 3715 a,
1252 3635 1303 3699 41.
1337 3643 1371 3697 et
1391 3637 1443 3701 54.
1465 3655 1530 3719 pro
1551 3636 1722 3716 persaia
1752 3634 1831 3714 Vll,
1854 3654 1884 3706 a,
1905 3635 1936 3695 7.

192 3749 300 3816 docet
344 3748 523 3814 Geminata
542 3767 564 3810 u
583 3766 651 3811 non
671 3749 865 3831 iuvenitur,
888 3752 967 3833 quia
987 3738 1242 3838 αανφὲΙίαφ
1263 3752 1307 3830 V,
1329 3772 1360 3832 e,
1381 3755 1422 3822 33
1445 3774 1491 3836 sq.
1514 3773 1578 3838 pro
1600 3755 1834 3841 edereedere)
1855 3754 1937 3814 seri-

191 3876 251 3952 pta
270 3865 427 3945 videtum
459 3875 620 3932 oeoutm
640 3874 675 3930 et
694 3886 734 3947 ιι,
765 3868 802 3930 in
823 3869 1078 3933 oosarolome
1106 3868 1168 3949 VI,
1190 3870 1222 3950 b,
1245 3871 1294 3937 lt.
1323 3879 1358 3935 et
1385 3873 1639 3955 portatnulo
1665 3872 1727 3952 VI,
1747 3893 1778 3951 a,
1799 3873 1851 3938 55.
1874 3890 1937 3956 pro

193 3981 389 4067 nadeocada
419 3982 482 4065 Ν,
501 4004 534 4063 a,
556 3984 606 4051 18.
627 3986 828 4074 mentae,
860 4006 1025 4071 nusquam
1046 3989 1082 4049 in
1113 3985 1360 4076 diphthongum
1391 3998 1583 4064 transeunt,
1614 3992 1681 4054 nisi
1713 3988 1802 4074 quod
1823 3989 1885 4068 Vl,
1906 4009 1936 4065 a,

190 4102 241 4169 3⁰.
263 4112 388 4166 touer
406 4119 471 4187 pro
489 4112 588 4168 tner
614 4105 782 4189 scriptum
802 4096 937 4194 legitur.
992 4086 1264 4233 (ἰοιιιίιιιιῐιιιιιὴΙ
1285 4125 1353 4169 non
1375 4107 1483 4171 nolum
1503 4112 1619 4172 iaetu
1649 4107 1730 4190 VII,
1750 4129 1781 4188 a,
1800 4111 1851 4173 41.
1873 4126 1936 4190 pro

189 4221 289 4284 tatu
309 4219 510 4285 evercitu
528 4221 606 4302 vll,
627 4241 659 4300 a,
680 4223 703 4289 8
722 4242 805 4308 sqq,
827 4221 884 4287 sed
905 4223 1006 4286 etiam
1028 4231 1115 4286 east
1134 4223 1197 4303 Vl,
1217 4204 1251 4298 b]
1264 4225 1303 4290 2
1326 4245 1388 4308 pro
1410 4234 1476 4290 est
1496 4226 1559 4307 VI,
1574 4227 1608 4306 b,
1629 4229 1659 4293 5.
1680 4226 1798 4290 habet:
1819 4247 1860 4289 ax
1881 4247 1937 4314 ge·

189 4337 326 4402 minatis
344 4340 360 4404 a·
379 4339 622 4405 vercellarum
642 4350 799 4424 tanquam
828 4351 1064 4406 consonantem
1085 4341 1366 4424 pronuntiandam
1388 4362 1476 4422 esse,
1508 4365 1528 4408 e
1556 4348 1754 4427 permutatis
1785 4367 1861 4412 enm
1894 4367 1933 4409 ea

189 4455 299 4518 literis
320 4478 340 4518 x
362 4463 397 4519 et
418 4451 456 4538 ζ,
487 4477 627 4541 quarum
647 4457 730 4523 heac
749 4457 838 4544 apud
858 4459 1023 4525 Romanos
1044 4462 1080 4522 in
1096 4462 1136 4540 j,
1166 4461 1224 4523 illa
1249 4461 1286 4524 in
1306 4481 1332 4545 g
1353 4481 1483 4546 quoque
1502 4463 1687 4544 transibat,
1716 4464 1933 4552 intelligitur.

187 4571 246 4637 Sic
264 4573 349 4638 urbs
370 4569 551 4665 Iguviea
571 4576 632 4656 IV,
659 4595 692 4657 e,
710 4577 743 4643 2.
764 4571 797 4645 5.
819 4573 865 4657 ΙΙ,
885 4578 928 4642 24
945 4596 994 4660 eq.
1015 4579 1067 4644 30.
1088 4578 1236 4658 IaeFern,
1258 4581 1340 4643 alias
1361 4598 1446 4644 vero
1466 4581 1608 4646 InaFern
1626 4579 1737 4645 audit:
1760 4584 1809 4645 sic
1830 4585 1931 4646 etiam

188 4688 387 4779 π’ῦρτιιιις
419 4690 481 4774 Ν,
501 4694 536 4776 b,
556 4690 682 4762 8851.
703 4715 730 4758 s.
763 4713 998 4783 reaptantes
1024 4695 1087 4776 IV,
1109 4695 1141 4772 b,
1163 4698 1215 4762 34.
1247 4716 1311 4781 pro
1332 4694 1512 4784 περτινζιις
1537 4698 1598 4777 Ν,
1621 4719 1652 4778 ιι,
1673 4700 1726 4765 53.
1758 4700 1933 4768 scribitur.

188 4808 280 4875 Hine
298 4809 441 4875 dubium
460 4814 569 4893 toret,
598 4819 715 4877 utrum
727 4814 773 4877 in
795 4811 953 4878 &aeeFe
975 4813 1039 4888 Ν,
1060 4813 1093 4888 1),
1114 4815 1166 4880 18.
1189 4833 1253 4896 pro
1274 4814 1411 4879 Fisovi
1432 4814 1494 4895 Vl,
1515 4835 1547 4897 a,
1567 4818 1599 4883 6.
1629 4814 1669 4879 ei
1690 4814 1932 4909 diphthongus,

190 4947 232 4991 au
252 4936 471 4995 emonam
501 4927 651 5015 putanda
670 4929 730 5006 eit,
755 4927 823 4995 nisi
846 4931 949 4999 Φισι
968 4928 1032 5012 Ν,
1053 4932 1088 5013 b,
1110 4933 1160 4998 16.
1189 4926 1255 5016 pro
1275 4931 1450 5013 lieovl,
1471 4953 1501 5013 a,
1520 4935 1553 5002 5.
1575 4933 1796 5016 scriberetur,
1834 4945 1932 5020 atque
