4244 5722
143 783 283 869 simplex
303 781 440 864 stiplntrs
458 800 484 842 s.
506 775 678 860 amiota,
703 796 730 843 a
748 780 848 863 stipis
867 777 1045 860 derivatus,
1066 779 1172 862 vta
1183 781 1234 847 tl.
1257 789 1292 845 et
1311 777 1373 858 IV,
1384 799 1415 858 a,
1427 781 1477 845 1³.
1496 776 1632 866 legitera
1674 775 1729 856 uf
1742 779 1847 844 sarto

144 901 228 965 milri
246 920 309 986 pro
329 897 528 983 ecf'ssesof
543 898 677 980 marios,
698 897 738 964 ln.
761 918 790 962 a.
811 897 863 964 dis
884 901 1040 982 aperito,
1061 898 1221 983 scriptum
1239 893 1385 971 videtur,
1406 896 1497 961 emes·
1515 913 1597 960 veru
1617 891 1765 973 vtes.
1786 912 1848 980 pro

143 1039 221 1083 esrae
241 1039 266 1085 s.
288 1037 398 1097 esarse,
418 1027 457 1081 ut
477 1016 609 1083 etohmes'
628 1015 807 1082 statarius·
825 1036 889 1102 pru
908 1015 1045 1103 στάθμῃ
1064 1014 1247 1104 cerdanepi,
1268 1014 1386 1098 quitus
1406 1011 1606 1093 adjectivum
1616 1014 1698 1078 aerei
1716 1009 1850 1076 additur
1965 1002 1975 1023 '

140 1149 220 1200 cum
246 1136 395 1199 clausule
417 1137 502 1217 pirri
514 1143 630 1199 secut
656 1133 689 1199 h.
712 1152 741 1197 e.
769 1131 933 1218 siquidem
957 1134 1160 1199 successerit.
1210 1133 1295 1197 Erse
1318 1150 1382 1216 pro
1406 1133 1531 1195 istem
1558 1128 1684 1199 dictum
1709 1131 1848 1215 accipio,

144 1257 232 1317 sicut
251 1272 346 1318 senc
365 1261 511 1319 corrtnst
531 1273 558 1316 s.
580 1261 729 1316 cooortvs
755 1254 842 1315 verti
862 1262 970 1335 potest
995 1255 1032 1316 ssi
1049 1254 1225 1316 moereas.
1247 1250 1347 1314 donec
1374 1248 1592 1330 complanctu,-
1621 1249 1709 1313 creir
1733 1257 1850 1312 contm

32 1391 36 1401 ·
145 1369 282 1446 dativus¹
295 1370 436 1455 pluralis
455 1388 526 1432 esse
545 1366 686 1434 videtur.
701 1369 771 1449 eius
791 1368 964 1449 adjectivi,
992 1367 1080 1453 quod
1106 1370 1143 1431 in
1168 1368 1320 1453 precibus
1341 1356 1457 1454 doctos
1475 1385 1502 1431 s.
1524 1364 1722 1430 benevolum
1749 1367 1850 1452 signi-

145 1491 231 1554 ficat
273 1488 364 1550 Hinc
391 1491 464 1570 πάρ
477 1495 623 1569 surgetis
648 1504 711 1567 περ
735 1488 823 1550 sssir
850 1487 1031 1551 eodmststss
1057 1488 1276 1571 interpretors
1307 1503 1406 1567 nepae
1432 1492 1589 1563 masto,
1616 1501 1714 1566 nepae
1743 1484 1850 1550 ortas

146 1605 338 1670 intercedite
358 1606 428 1668 sive
448 1606 684 1688 interloquitur)
727 1602 780 1666 Ad
799 1604 1093 1689 hocpraeoeptum
1113 1600 1284 1666 referenda
1304 1611 1355 1665 est
1373 1604 1513 1686 protasis
1533 1621 1586 1665 sne
1605 1602 1764 1666 maistas.
1784 1620 1850 1667 attt-

146 1721 283 1808 gntoos)
297 1721 454 1803 fast-ote
469 1720 584 1803 pi(r)ss‘
604 1724 692 1786 orsis
712 1699 925 1802 redemerat,
937 1741 1016 1804 pro
1035 1741 1102 1804 quo
1127 1739 1301 1805 perperam
1321 1719 1528 1800 «ademtam
1555 1719 1689 1806 legitur.
1730 1719 1850 1801 Quem·

147 1837 322 1902 admodum
341 1840 455 1924 paullo
476 1849 571 1902 antea
592 1841 753 1903 remmam
773 1842 840 1904 istst
860 1858 923 1924 pro
944 1837 1158 1916 monetote)
1179 1836 1249 1918 fest
1263 1837 1424 1918 scriptum
1444 1845 1504 1910 est,
1524 1837 1573 1899 sic
1592 1837 1628 1898 in
1640 1836 1704 1901 tine
1723 1839 1851 1920 primae

146 1958 300 2020 motionis
321 1956 461 2021 alissast
480 1977 521 2019 ex
541 1957 692 2022 alississst
710 1977 737 2020 s.
760 1957 845 2021 elisa
863 1954 935 2037 fust
963 1964 1173 2018 contractum
1193 1973 1262 2017 esee
1281 1951 1426 2018 videtur.
1451 1952 1577 2036 Quodsi
1591 1954 1675 2019 oties
1694 1951 1851 2018 adverbio

146 2074 245 2140 aliter
262 2096 289 2136 s.
311 2094 403 2139 secus
420 2072 607 2158 respondet,
628 2075 728 2139 dicier
747 2092 829 2136 vero
850 2071 982 2136 dativus
1000 2072 1140 2155 pluralis
1159 2077 1209 2135 est
1228 2074 1371 2135 nominis
1391 2067 1508 2153 seclae
1521 2071 1555 2137 h.
1567 2090 1596 2137 e.
1610 2069 1732 2149 dictim
1752 2048 1851 2138 disier

36 2176 45 2185 ’
146 2193 301 2270 utineam,
331 2195 421 2255 sicut
445 2191 670 2254 Ilcmanornm
697 2208 862 2279 augurum
887 2189 1094 2251 obnuntiatio
1122 2188 1187 2251 alio
1214 2189 1267 2253 die
1286 2187 1375 2273 (fist)
1405 2185 1473 2254 Cic.
1494 2187 1578 2252 Ptrt
1607 2188 1651 2270 ΙΙ,
1668 2193 1732 2268 33.,
1752 2191 1851 2255 irrita

148 2311 232 2373 dicit
252 2308 417 2393 loquendo
446 2311 521 2372 lieri
540 2310 697 2393 auspicia.
739 2307 837 2399 Hanc
860 2307 1165 2391 interpretationem
1193 2307 1387 2369 confirmare
1413 2303 1547 2370 videtur
1572 2304 1714 2369 munda
1738 2309 1851 2385 sectio,

148 2431 184 2490 in
204 2446 269 2511 qua
289 2426 427 2506 dicitnr,
449 2428 567 2510 qrn'bua
588 2425 695 2491 modis
715 2427 814 2488 irrita
832 2424 914 2488 iant
933 2425 1054 2503 omnia,
1076 2419 1349 2507 quemadmodum
1369 2424 1469 2487 tertia
1486 2425 1587 2488 sectio
1608 2422 1717 2502 docet,
1734 2425 1852 2506 quibus

149 2556 220 2609 rata
239 2546 329 2609 fiant.
470 2584 472 2589 ·
524 2576 527 2583 ·

184 2689 186 2692 ’
311 2666 343 2728 e.
384 2658 555 2725 Secundae
574 2662 728 2723 sectionis
748 2662 882 2722 initium
902 2679 968 2722 non
987 2659 1199 2747 intelligitur,
1227 2662 1292 2722 nisi
1313 2659 1438 2739 trebete,
1465 2661 1498 2724 h.
1518 2680 1547 2724 c.
1569 2661 1697 2740 tribuit,
1724 2660 1852 2745 praedi·

146 2789 259 2840 ‘cutum
280 2776 726 2858 putes'subjeotiersfertrsr,
751 2776 875 2858 versele
900 2795 982 2840 vero
1004 2797 1028 2840 s.
1051 2776 1177 2842 mesta
1203 2777 1345 2853 (scilicet
1368 2777 1531 2854 iudicium)
1559 2778 1739 2858 objectum,
1766 2777 1853 2843 uude

149 2890 353 2976 dependeant
373 2896 513 2982 genitivi
534 2914 625 2958 cerer
642 2894 796 2976 pettam
814 2913 841 2959 s.
863 2897 949 2976 orcis
966 2896 1115 2974 plaudat.
1143 2893 1232 2956 'I'um
1249 2895 1330 2977 pase
1349 2917 1373 2958 s.
1396 2896 1524 2977 quaeda
1543 2906 1577 2960 et
1596 2916 1665 2960 erse
1683 2917 1709 2962 s.
1729 2899 1853 2963 inserta

150 3010 214 3073 sibi
240 3010 449 3095 respondent,
476 3015 564 3075 sicut
589 3013 789 3076 Latinorum
815 3013 997 3096 particulae
1016 3015 1086 3077 'etsi
1111 3021 1146 3075 et
1172 3020 1289 3086 taonem
1326 3012 1452 3078 cerbole
1478 3033 1560 3077 vere
1584 3014 1743 3094 indidem,
1769 3017 1854 3081 sicut

151 3138 301 3211 argutam
322 3127 414 3213 apud
429 3126 624 3192 Ciceronem
645 3129 686 3192 de
706 3127 809 3194 divin.
841 3128 884 3207 11,
899 3132 928 3194 2.
950 3150 977 3195 s,
999 3128 1218 3209 adjutorium,
1250 3128 1337 3212 quod
1357 3141 1486 3195 certum
1513 3131 1640 3214 aliquid
1660 3141 1854 3196 eventurum

150 3243 288 3323 indicat,
310 3248 491 3330 opponitur
508 3255 603 3311 meto.
646 3245 928 3337 Quemadmodum
948 3249 1037 3309 enim
1056 3246 1195 3309 llomani
1214 3245 1392 3310 secundum
1411 3245 1550 3311 Paulum
1569 3248 1753 3313 Diaconum
1771 3259 1856 3315 reatu

151 3372 228 3424 exta
247 3361 467 3446 appellabant,
486 3381 528 3425 ex
549 3363 668 3446 quibus
686 3364 774 3426 nihil
794 3363 1008 3427 divinationis
1029 3360 1330 3427 animadvertebant
1345 3362 1402 3441 (cl.
1426 3362 1494 3427 Cic.
1517 3362 1560 3427 ad
1579 3365 1657 3429 Div.
1677 3364 1853 3446 XV1,ltl);

153 3482 201 3541 sic
221 3482 256 3541 in
276 3480 341 3541 tine
363 3482 481 3543 tertiae
499 3479 633 3543 tabulae
652 3499 759 3560 pave
780 3467 968 3569 αρφερτερο
989 3499 1040 3558 σι,
1072 3482 1160 3543 etin
1180 3482 1244 3543 tine
1264 3481 1421 3565 septimae
1440 3481 1571 3544 tabulae
1591 3481 1735 3562 erfertrsr
1753 3491 1854 3549 notor

152 3598 231 3675 stis,
253 3597 285 3658 h.
308 3616 337 3660 a.
360 3598 595 3676 conjuncturae
614 3605 718 3661 mutae
737 3600 814 3676 siut,
834 3597 970 3685 legitur.
1011 3598 1117 3660 Etiam
1137 3598 1286 3662 stndmito
1306 3618 1331 3663 s.
1354 3600 1567 3662 terminatum
1585 3609 1681 3681 atque
1701 3601 1802 3664 lixum
1822 3613 1856 3666 et
1937 3600 1941 3616 '

154 3715 302 3778 taderato
322 3734 349 3775 s.‘
369 3716 529 3777 vitiosum
550 3724 648 3796 atque
667 3716 814 3793 irritum,
842 3716 936 3796 quasi
957 3715 1125 3780 ruditatem
1144 3724 1242 3796 atque
1261 3714 1415 3793 obtusum,
1443 3713 1558 3779 eodem
1577 3717 1647 3779 fere
1673 3716 1770 3781 modo
1790 3719 1855 3782 sibi

154 3842 382 3917 opponuntur,
412 3851 479 3914 quo
507 3841 676 3895 rammam
705 3842 741 3896 et
764 3833 921 3896 utendam
948 3829 1037 3916 apud
1055 3807 1239 3896 ttomenos(
1270 3831 1550 3913 Quemadmodum
1570 3836 1659 3897 enim
1678 3834 1853 3899 secundum

153 3948 349 4013 Ciceronem
368 3947 410 4012 de
430 3948 533 4015 divin.
556 3948 600 4030 11,
617 3953 668 4017 et.
691 3962 723 4015 et
743 3951 874 4014 Festum
894 3971 920 4012 s.
942 3971 976 4015 v.
997 3952 1159 4015 sinum
1180 3959 1213 4013 et
1231 3950 1360 4017 silentio
1379 3971 1511 4033 surgere
1530 3955 1566 4014 tn
1586 3954 1741 4036 auspiciis
1761 3954 1855 4020 ates-

155 4070 234 4132 tium
252 4067 435 4147 dicebatur,
457 4067 546 4151 quod
565 4072 656 4132 omni
674 4072 760 4133 vitio
781 4073 927 4148 careret3
960 4071 1009 4131 sic
1028 4079 1195 4132 mestum
1222 4071 1258 4130 in
1277 4067 1500 4157 Auguralibus
1526 4070 1727 4156 significabat
1753 4074 1854 4136 iuter·

153 4187 340 4270 ruptionem
360 4188 517 4270 euspicii:
539 4195 590 4250 est
608 4198 718 4252 antem
739 4190 907 4251 rausum
927 4206 947 4249 a
968 4187 1116 4250 mando
1137 4183 1274 4266 dictum,
1295 4184 1382 4250 uude
1403 4206 1506 4253 sanor
1525 4184 1699 4251 deducitur
1718 4197 1752 4251 et
1761 4189 1854 4253 adses-

153 4305 259 4381 mavit,
280 4304 313 4367 h.
336 4324 365 4368 e.
389 4322 557 4366 rumorem
576 4306 658 4369 fecit
677 4307 747 4368 sive
768 4314 1066 4368 commurmuratus
1087 4314 1136 4368 est
1155 4302 1241 4388 apud
1261 4303 1400 4367 Paulum
1420 4304 1603 4371 Diaconum
1626 4315 1659 4368 et
1677 4304 1852 4370 Isidorum.

154 4418 341 4484 Secundum
363 4419 493 4485 Glossas
512 4423 795 4499 veteres'edrusso
815 4431 849 4485 et
870 4441 1015 4487 conmsm
1038 4420 1130 4515 idem
1150 4423 1345 4510 significant,
1375 4419 1463 4509 quod
1483 4415 1614 4509 φημίζω
1634 4442 1659 4487 s.
1680 4424 1793 4511 vulgo,
1822 4435 1856 4488 et
1940 4485 1942 4489 .

156 4540 366 4620 rumigemlus
385 4537 473 4603 idem
502 4537 590 4623 quod
618 4542 799 4627 θρυλήιηςε
829 4539 908 4609 ltine
934 4540 1045 4603 Festus
1071 4541 1106 4602 in
1130 4536 1253 4602 Naevii
1276 4558 1377 4603 versu
1402 4537 1575 4604 Saturnio:
1619 4537 1741 4603 »Simul
1770 4541 1854 4605 alins

160 4654 309 4718 »aliunde
323 4660 486 4722 minitant
513 4629 602 4721 inter
626 4669 693 4737 se«,
724 4657 863 4720 verbum
895 4659 1047 4721 restituat
1077 4658 1315 4741 interpretatur
1346 4659 1551 4741 rumigerunt,
1583 4655 1855 4740 quemadmodum

158 4770 287 4836 Nonius
307 4774 489 4870 Marcellus
509 4772 560 4845 ed.
582 4770 725 4839 lliercer.
748 4794 822 4864 pag.
845 4775 915 4875 lti-
938 4776 973 4836 in
993 4773 1099 4847 Plent.
1120 4772 1283 4859 Amphitr.
1304 4773 1348 4855 ΙΙ,
1365 4775 1398 4855 2,
1414 4775 1464 4841 dd.
1481 4773 1674 4856 'miserant
1693 4775 1775 4864 legit
1794 4794 1855 4860 pro

159 4893 346 4976 tumificant.
389 4892 428 4955 ln
448 4891 588 4982 Iguvina
608 4894 717 4959 tabula
736 4894 870 4987 'augurii
889 4878 1014 4958 vitinm'
1038 4893 1129 4957 tader
1148 4902 1297 4972 vocatur,
1326 4903 1360 4957 et
1387 4913 1538 4982 magnum
1564 4889 1698 4977 quidem
1720 4892 1855 4961 soccos:

1596 5060 1637 5126 zv
