4244 5722
893 616 1143 681 ..45-

311 782 430 871 Neque
451 779 541 869 apud
551 779 729 858 Romanos,
752 776 811 859 qui
831 796 852 839 a
874 775 1012 841 Graecis
1032 776 1419 856 SiciliaeDoriensibus,
1441 794 1549 861 neque
1569 774 1659 863 apud
1671 774 1785 854 Oscos,
1807 776 1897 859 quia

148 904 266 969 Tuscis
278 905 395 971 literas
404 908 613 989 acceperant,
628 904 718 962 inter
731 898 848 960 literas
862 897 929 960 det
941 918 958 959 r
974 898 1083 959 ullum
1094 896 1275 960 discrimen
1286 898 1445 980 primitus
1458 898 1535 975 suit,
1545 893 1635 978 quod
1646 892 1781 978 quidem
1791 895 1897 957 simili

148 1022 248 1089 modo
280 1025 462 1102 facientes,
490 1030 590 1101 atque
617 1016 675 1102 Sp.
698 1014 869 1080 Carvilius
890 1014 979 1100 apud
1000 1016 1166 1079 Romanos
1188 1013 1215 1078 C
1237 1024 1272 1078 et
1292 1012 1322 1076 G
1343 1013 1515 1093 distinxit,
1549 1015 1757 1076 contrariam
1784 1024 1896 1076 tamen

147 1144 317 1207 rationem
345 1141 452 1206 secuti
481 1144 569 1214 sunt,
601 1146 642 1199 ut
668 1135 753 1198 Osca
780 1135 966 1198 dLatinae
994 1156 1022 1214 r,
1052 1135 1138 1198 Osca
1169 1155 1186 1198 r
1214 1143 1332 1197 contra
1360 1134 1502 1195 Latinae
1523 1130 1742 1195 diuideretur
1762 1130 1895 1195 similia.

23 1252 27 1257 ’
145 1258 307 1325 Getarum
328 1258 533 1325 Graecorum
553 1255 606 1318 vis
628 1255 664 1315 in
684 1254 847 1335 literaep
868 1254 977 1340 ligura
1003 1254 1171 1340 imprimis
1199 1255 1368 1331 cernitur,
1401 1270 1503 1336 quam
1530 1250 1673 1312 Romani
1702 1246 1851 1313 Graecae
1878 1270 1896 1311 r

143 1379 296 1443 similem
315 1381 481 1452 iecerunt,
502 1381 744 1455 praetereaque
764 1374 800 1433 iu
822 1391 881 1452 eo,
917 1370 1008 1455 quod
1027 1372 1185 1435 Abellaui
1205 1370 1351 1433 Tuscam
1372 1391 1394 1434 a
1415 1367 1624 1433 Graecorum
1647 1386 1778 1452 qnoque
1799 1386 1896 1431 more

21 1474 30 1493 ι
145 1518 167 1562 o
188 1499 401 1581 scripserunt.
442 1490 583 1555 Praeter
601 1510 624 1555 a
644 1490 797 1555 vocalem
817 1494 832 1556 i
851 1509 984 1574 quoquc
1006 1489 1149 1554 diversis
1168 1488 1277 1553 modis
1297 1490 1457 1576 scriptam
1479 1486 1648 1553 videmus:
1675 1486 1764 1549 nihil
1785 1496 1895 1549 tamen

147 1618 296 1691 interest,
318 1630 383 1693 qua
402 1610 513 1699 figura
532 1611 586 1672 usi
606 1610 686 1689 sint,
707 1611 774 1673 nisi
795 1607 886 1693 quod
907 1628 1092 1672 consonans
1106 1612 1128 1691 j
1148 1627 1291 1692 semper,
1313 1610 1426 1671 nescio
1448 1628 1491 1670 an
1502 1608 1657 1687 fortuito,
1678 1606 1695 1667 1
1714 1576 1894 1668 scribatur.

149 1733 322 1797 Praeterea
342 1727 421 1792 Osci
442 1729 580 1793 literam
600 1747 621 1792 u
641 1737 711 1791 tam
731 1728 953 1815 singulariter
972 1730 1122 1790 formare
1142 1727 1307 1806 solebant,
1339 1736 1391 1806 ut,
1420 1745 1505 1810 quae
1531 1726 1709 1810 inscriptio
1732 1724 1817 1787 Osca
1836 1724 1894 1801 sit,

148 1871 188 1915 cx
209 1866 247 1911 ea
267 1848 478 1933 potissimum
500 1855 731 1935 cognoscatur.
774 1847 895 1911 Litora
917 1868 944 1934 ῳ
966 1846 1115 1931 quidem,
1143 1865 1230 1930 quae
1251 1856 1300 1909 cst
1320 1846 1441 1909 ultima
1461 1844 1643 1930 alphabeti,
1673 1841 1803 1904 Tuscae
1823 1839 1896 1925 ple-

55 1970 59 1981 '
146 1984 287 2048 rumque
308 1967 429 2030 similis
450 1976 518 2048 est,
547 1965 662 2031 sedin
685 1967 790 2031 variis
812 1966 1090 2050 inscriptionibus
1118 1968 1198 2029 satis
1226 1967 1339 2041 varia,
1372 1975 1490 2047 atque,
1521 1965 1612 2026 sicut
1640 1962 1714 2025 ain
1735 1958 1896 2022 Abellana

143 2082 270 2163 tabula,
293 2083 393 2151 valde
414 2084 607 2173 singularis.
653 2084 745 2147 Hinc
757 2083 842 2147 Osca
863 2085 1055 2165 literatura,
1077 2086 1142 2147 etsi
1162 2104 1182 2145 a
1196 2083 1315 2147 Tuscis
1337 2092 1483 2166 accepta,
1507 2082 1601 2145 Oscis
1622 2090 1734 2143 tamen
1755 2078 1897 2164 propria

139 2198 211 2263 dici
232 2213 359 2287 potest=
382 2202 618 2285 quandovero
641 2204 720 2263 Osci
740 2203 956 2262 literaturam
978 2205 1076 2257 istem
1097 2204 1300 2277 receperint,
1323 2200 1456 2260 axillis
1478 2200 1657 2263 literarum
1677 2198 1796 2284 figuris
1818 2214 1897 2259 con-

139 2322 202 2399 jici
223 2331 346 2405 potest,
368 2338 448 2401 quas
469 2316 573 2379 Tusci
594 2315 699 2379 variis
720 2314 927 2397 temporibus
947 2313 1044 2377 varie
1064 2313 1281 2395 scripserunt.
1320 2313 1595 2395 Antiquissimam
1617 2313 1754 2397 quidem
1775 2315 1896 2377 literae

140 2456 169 2499 ra
199 2438 355 2521 figuram,
388 2434 507 2495 Tuscis
539 2440 573 2491 et
600 2429 739 2490 Graecis
776 2428 1024 2507 antiquioribus
1067 2444 1279 2487 communem
1314 2437 1412 2507 atque
1442 2429 1701 2513 hieroglyphice
1732 2452 1895 2515 aquarum

141 2554 238 2639 signo
254 2549 370 2634 paullo
391 2544 604 2624 similiorem,
625 2562 726 2628 quam
748 2564 831 2626 quae
852 2542 977 2605 Punice
997 2543 1101 2605 scribi
1122 2543 1262 2623 solebat,
1275 2544 1353 2607 Osci
1364 2554 1499 2629 praetor
1520 2566 1625 2609 unum
1646 2550 1896 2632 antiquissimae

148 2668 376 2752 insequente
397 2665 588 2749 exemplum
609 2665 738 2747 pariter
759 2664 968 2749 ignorarunt,
991 2672 1093 2744 alque
1113 2662 1201 2742 illas,
1223 2683 1304 2745 quas
1325 2664 1382 2727 vel
1404 2665 1545 2726 Romani
1566 2664 1754 2749 Graecique
1776 2670 1811 2729 in
1829 2670 1895 2731 Eu-

146 2806 229 2871 ropa
248 2785 304 2847 rel
326 2782 446 2847 Umbri
468 2785 502 2844 in
525 2782 668 2870 Iguvina
688 2780 803 2843 tabula
813 2780 872 2845 111.
896 2781 1004 2843 multo
1026 2782 1133 2844 scrius
1155 2784 1373 2846 invenerunt:
1397 2781 1483 2847 hauc
1498 2784 1632 2848 literam
1655 2797 1785 2866 contra,
1807 2789 1912 2869 sicut,

146 2906 248 2983 piscis
267 2904 413 2967 natantis
436 2911 549 2964 notam
569 2922 605 2981 n,
637 2898 757 2963 iisdem
786 2919 918 2983 scalper
946 2900 1073 2963 duabus
1101 2900 1219 2988 figuris
1240 2905 1458 2987 scripserunt,
1493 2906 1614 2988 quibus
1642 2915 1676 2968 ct
1704 2906 1833 2969 Tuscos
1862 2917 1896 2970 et

145 3022 289 3088 Umbros
323 3025 360 3085 in
392 3022 560 3106 plerisque
592 3020 868 3104 inscriptionibus
900 3020 968 3082 suis
999 3038 1077 3081 usos
1105 3023 1303 3104 reperimus.
1348 3026 1514 3089 Oscorum
1536 3024 1713 3089 literatura
1734 3027 1894 3109 pleraque

144 3144 252 3230 igitur
272 3144 389 3222 junior
410 3150 460 3204 est
480 3140 634 3225 exemplo
663 3151 805 3202 tesserae
827 3137 1003 3223 hospitalis
1029 3158 1070 3201 ex
1092 3158 1170 3202 aere
1190 3142 1449 3219 vetustissimae,
1483 3162 1582 3225 quam
1609 3164 1638 3208 a.
1664 3146 1756 3210 1783.
1786 3164 1893 3228 prope

146 3262 301 3325 Petiliam
323 3264 359 3322 in
380 3262 524 3323 Bruttiis
545 3268 715 3343 repertam
736 3258 927 3320 Hecrenius
960 3258 1145 3341 explicavit
1175 3260 1211 3319 in
1241 3258 1451 3322 Bibliotheca
1480 3262 1606 3325 veteris
1633 3262 1831 3327 literaturae
1860 3272 1895 3324 et

145 3383 229 3445 artis
248 3380 283 3444 P.
307 3379 365 3460 V.,
388 3380 495 3443 multo
517 3380 690 3461 antiquior
711 3388 822 3440 tamen
844 3376 943 3440 bellis
964 3378 1192 3439 Romanorum
1212 3376 1360 3457 Punicis,
1384 3380 1463 3461 quia
1484 3398 1625 3465 gamma,
1659 3382 1812 3443 terminis
1834 3377 1892 3442 ad·

146 3499 214 3562 huc
234 3502 499 3588 agrimensorem
521 3499 722 3560 transversis
749 3497 869 3581 positis
900 3496 1039 3575 similis,
1071 3495 1218 3558 nondum
1251 3495 1485 3559 rotundiorem
1516 3499 1659 3585 figuram
1691 3500 1834 3563 Latinae
1866 3498 1892 3561 C·

145 3620 286 3704 accepit,
309 3621 366 3680 cui
385 3616 442 3701 Sp.
466 3614 636 3679 Carvilius
657 3616 781 3678 Romae
802 3615 961 3677 lineolam
983 3616 1079 3677 illam
1101 3613 1244 3695 addidit,
1271 3614 1360 3677 unde
1382 3614 1510 3679 Gnate
1532 3628 1591 3682 cst.
1637 3619 1664 3680 Α
1690 3628 1812 3681 tessera
1833 3618 1893 3680 illa

145 3737 304 3824 hospitali
324 3743 395 3820 jam
416 3736 526 3800 Tusca
547 3736 726 3800 literatura
747 3732 829 3797 adeo
852 3733 1122 3821 degeneraverat,
1144 3745 1183 3798 ut
1204 3755 1334 3822 gamma
1355 3736 1425 3813 ejus
1447 3736 1573 3799 vocalis
1595 3739 1618 3817 i,
1640 3740 1654 3801 i
1674 3745 1793 3799 contra
1813 3737 1893 3799 sibi·

16 3864 34 3881 “·
145 3855 246 3919 lautis
266 3856 381 3920 locum
403 3865 594 3941 occuparet,
622 3852 710 3918 unde
732 3853 813 3915 duas
838 3853 1047 3916 sibilantium
1068 3854 1191 3939 figuras
1219 3854 1324 3916 Tusci
1345 3854 1521 3932 habebant,
1556 3874 1695 3936 quarum
1724 3856 1893 3938 antiquio·

144 3994 229 4053 rem,
250 3974 391 4039 Latinae
412 3975 534 4036 literae
554 3993 583 4036 m
604 3973 761 4049 similem,
784 3982 852 4035 tam
873 3971 951 4034 Osci
973 3992 1071 4055 quam
1092 3971 1212 4034 Umbri
1235 3975 1446 4059 ignorarunt.
1479 3972 1512 4038 V
1529 3993 1661 4056 qnoque
1682 3973 1783 4037 litera
1804 3972 1891 4058 apud

145 4102 306 4177 utrosque
328 4091 488 4179 digammi
509 4090 633 4154 Graeci
652 4092 796 4178 figuram
818 4092 885 4170 jam
907 4092 1084 4167 amiserat3
1106 4090 1251 4154 Umbros
1272 4102 1385 4155 autem
1406 4091 1515 4156 multo
1537 4096 1645 4155 serius
1668 4114 1766 4176 qnam
1790 4094 1892 4157 Oscos

145 4211 337 4277 Tuscorum
358 4213 571 4276 literaturam
591 4212 759 4295 recepisse
786 4208 867 4273 inde
894 4209 1111 4297 intelligitur,
1143 4208 1242 4294 quod,
1275 4210 1358 4274 licet
1388 4214 1542 4295 utrisque
1571 4213 1688 4292 junior
1715 4212 1835 4275 literae
1864 4233 1891 4298 φ

145 4330 255 4418 ligura
275 4332 462 4393 communis
481 4332 539 4410 sit,
571 4330 592 4393 b
614 4338 648 4392 et
671 4342 683 4393 t
705 4330 826 4392 literae
847 4326 936 4413 apud
958 4329 1060 4390 Oscos
1079 4331 1214 4392 nonnisi
1236 4331 1438 4414 antiquiore,
1468 4329 1558 4414 apud
1585 4330 1729 4393 Umbros
1757 4332 1892 4394 nonnisi

141 4452 281 4533 juniore
302 4452 409 4537 figura
430 4459 585 4513 exaratae
612 4450 690 4511 sint.
734 4446 992 4531 Antiquissimas
1024 4449 1186 4512 Oscorum
1217 4450 1392 4514 literarum
1425 4450 1550 4536 figuras
1581 4461 1657 4534 post
1687 4450 1891 4513 Mamerciui

143 4571 230 4633 civis
251 4570 505 4651 inscriptionem
526 4570 561 4630 in
581 4566 739 4632 Abellana
759 4566 875 4631 tabula
896 4568 1055 4653 conspici,
1086 4566 1236 4630 dubitari
1258 4570 1385 4651 nequit,
1417 4568 1633 4652 Pompeianas
1662 4588 1745 4632 vcro
1772 4571 1892 4631 inscri-

144 4692 278 4773 ptiones
299 4707 365 4750 non
387 4690 436 4751 ita
457 4688 566 4750 multo
588 4696 665 4751 ante
685 4688 780 4750 urbis
802 4688 936 4749 ruinam
963 4698 1115 4751 exaratas
1136 4707 1217 4765 esse,
1246 4689 1322 4750 veri
1351 4689 1459 4750 simile
1487 4697 1553 4751 est:
1587 4690 1655 4750 imo
1683 4688 1891 4751 Ilercnlanei

144 4816 280 4890 reperta
300 4806 429 4871 dicitur
450 4807 534 4870 Osca
554 4808 732 4891 inscriptio
754 4816 824 4870 tam
852 4804 970 4870 vivido
1002 4807 1117 4869 colore
1144 4809 1341 4891 conspicua,
1376 4817 1417 4870 ut
1447 4808 1484 4868 in
1512 4807 1586 4891 ipso
1613 4808 1755 4870 interitu
1782 4808 1891 4891 posita

145 4923 312 5027 rideatur.
356 4924 515 4991 Ceterum
536 4927 656 4991 Oscam
677 4926 902 5005 literaturam,
929 4926 993 4989 etsi
1014 4925 1157 4989 Bantina
1177 4925 1292 4989 tabula
1313 4925 1459 5005 Latinis,
1486 4923 1693 4988 Mamertina
1713 4927 1890 5011 inscriptio
