4244 5722
875 610 1126 678 -47..

85 874 88 881 Ι
122 774 227 867 μιν,
247 770 340 839 unde
358 780 503 861 propter
522 779 722 861 argumenta
741 769 838 836 varia
856 773 1021 854 maiorem
1042 771 1179 859 quidem
1199 778 1373 840 nominum
1385 775 1638 862 verborumque
1656 777 1802 861 copiam,
1821 776 1881 847 scd

74 886 83 903 “’
124 902 234 985 ’μοι
253 890 355 959 medo
376 890 420 956 ad
439 892 694 981 grammaticam
713 893 898 977 spectantia
918 892 1058 957 haurire
1078 894 1179 974 licct;
1205 895 1370 959 nonnulla
1398 904 1510 962 tamen
1531 895 1626 961 Oscis
1645 900 1787 984 propria
1805 915 1880 963 mo·

84 1010 236 1123 panda
252 1022 346 1095 sunt,
366 1030 454 1097 quae
473 1011 531 1077 uel
551 1010 595 1076 ad
614 1011 792 1077 literarum
811 1030 910 1077 usum
930 1012 987 1077 vel
1006 1009 1049 1076 ad
1069 1013 1256 1079 verborum
1276 1018 1401 1080 formas
1425 1024 1588 1101 spectant

242 1328 253 1347 ἢ
766 1233 802 1308 1.
852 1230 915 1309 Dc
940 1230 1139 1309 literarum
1162 1257 1241 1310 sss.

248 1344 264 1425 ἶ
293 1366 414 1432 Oscum
434 1364 587 1454 linguam
607 1374 677 1431 tam
701 1366 845 1431 similem
874 1365 1156 1451 deprehendimus
1186 1368 1319 1452 priscae
1345 1368 1508 1446 Latinae,
1539 1378 1595 1445 ut,
1627 1387 1714 1455 quas
1743 1370 1880 1437 intersit

73 1435 330 1565 fdiffl'uttia,
361 1504 441 1551 cum
459 1492 653 1570 temporum
673 1483 830 1567 decursu,
861 1495 936 1550 tum
956 1488 1132 1551 rariorum
1152 1488 1357 1575 populorum
1386 1490 1591 1554 commercio
1613 1508 1713 1573 quam
1733 1490 1879 1554 maxime

73 1564 249 1727 bid?
263 1603 432 1673 uideatur.
476 1607 581 1671 Oscae
601 1607 737 1695 linguae
757 1607 959 1671 mutationes
986 1616 1132 1671 testatur
1152 1607 1303 1691 ipsarum
1323 1609 1583 1693 inscriptionum
1604 1610 1762 1688 varietas,
1792 1622 1879 1692 quae

73 1712 105 1767 μ’
129 1734 240 1815 μμ
257 1732 328 1789 tam
348 1726 471 1814 exigua
492 1734 554 1806 est,
583 1735 624 1791 ut
643 1726 785 1790 Bantius
805 1725 934 1805 tabula,
965 1724 1048 1791 licet
1068 1727 1261 1809 antiquiore
1281 1736 1391 1791 aetate
1410 1736 1511 1811 atqua
1531 1729 1568 1790 iu
1587 1726 1733 1811 Apuliae
1753 1734 1788 1791 et
1807 1724 1880 1789 Lu·

73 1792 243 1911 b'dss
262 1845 411 1909 confinio
437 1844 573 1910 Latinis
598 1845 711 1909 literis
739 1856 886 1924 exarata,
912 1846 1057 1909 nonita
1084 1844 1229 1910 multum
1257 1842 1394 1910 differat
1421 1865 1441 1910 a
1469 1844 1655 1910 acrioribus
1676 1844 1879 1929 Campaniae

124 1962 414 2053 ¹hosiptienibus.
461 1964 571 2029 Etiam
601 1962 808 2029 Mamertina
838 1965 1017 2048 inscriptio
1049 1965 1087 2027 in
1117 1964 1234 2048 paucis
1264 1961 1366 2027 modo
1398 1961 1609 2029 Graecorum
1637 1962 1878 2028 commercium
1976 1976 1984 1989 ·

120 2078 260 2171 fflii
289 2083 399 2149 multo
419 2084 527 2172 magis
546 2082 711 2149 abhorret
731 2103 751 2148 a
773 2082 915 2167 reliquis
936 2080 1215 2167 inscriptionibus
1235 2081 1398 2147 Abellana
1418 2083 1544 2164 tabula,
1572 2083 1670 2165 cujus
1690 2096 1880 2147 sermonem

117 2206 191 2267 Μ
211 2198 406 2267 Tuscorum
428 2196 705 2282 Graecorumque
726 2222 825 2282 quam
846 2200 1051 2262 Samnitium
1071 2204 1274 2261 commercio
1295 2211 1462 2266 mutatum
1482 2203 1704 2291 agnoscimus.

192 2354 200 2365 ·
291 2319 333 2381 Iu
353 2318 448 2381 nulla
467 2316 536 2381 alia
556 2316 779 2400 inscriptions
799 2324 869 2378 tarn
890 2316 1018 2379 multae
1039 2315 1161 2379 literas
1176 2318 1267 2380 inter
1287 2336 1323 2381 se
1343 2328 1589 2402 permutantur,
1611 2337 1711 2403 quam
1729 2316 1879 2381 inAbel·

123 2438 204 2505 ln
218 2435 351 2514 tabula,
372 2436 408 2497 iu
429 2451 496 2515 qua
516 2450 582 2515 pre
602 2434 706 2495 medis
727 2434 762 2494 in
784 2439 874 2494 terra
893 2440 963 2494 tam
982 2435 1088 2514 mefics'
1110 2442 1224 2495 tersms
1243 2453 1343 2515 mam
1356 2444 1452 2498 terem
1472 2434 1617 2512 m(e)sses
1634 2437 1799 2520 scriptum
1818 2443 1880 2499 est.

126 2556 206 2623 Μ’
218 2552 348 2621 uocalis
368 2569 391 2614 ss
412 2547 540 2613 duabus
562 2549 742 2612 literarum
763 2549 884 2636 figuris
902 2547 1067 2611 scribitur
1092 2558 1127 2613 et
1153 2569 1174 2612 a
1201 2551 1316 2614 vocali
1335 2573 1356 2615 o
1376 2560 1569 2616 transversa
1597 2570 1731 2637 qnoque
1752 2550 1881 2617 lineola

131 2658 231 2759 supra
247 2671 408 2756 imposita
429 2664 645 2746 discernitur,
677 2667 765 2728 nihil
785 2676 899 2729 tamen
921 2667 1131 2750 frequentius
1153 2667 1353 2731 observatur
1373 2644 1474 2751 quem
1494 2669 1676 2734 literarum
1697 2667 1881 2733 earundem

91 2848 96 2853 .
127 2790 349 2881 permutatio:
383 2788 453 2849 imo
474 2784 647 2850 vocalius
668 2804 746 2846 cum
767 2793 970 2847 consonante
997 2786 1073 2846 nin
1096 2802 1173 2847 eum
1194 2783 1331 2848 modum
1353 2797 1577 2870 permutatur,
1605 2798 1645 2852 ut
1674 2807 1742 2851 nou
1768 2787 1880 2853 selum

122 2908 203 2981 disi
219 2928 285 2997 pro
306 2908 380 2987 ciui,
410 2902 469 2967 scd
498 2903 608 2969 lisura
627 2922 761 2988 quoque
789 2921 853 2987 pro
882 2901 988 2967 livores
1008 2901 1170 2981 (liberum)
1190 2903 1357 2987 scriptum
1377 2906 1433 2968 sit.
1477 2905 1517 2966 In
1537 2905 1681 2970 Bantius
1702 2905 1817 2971 tabula
1838 2924 1879 2970 eo

119 3030 237 3119 mgis
254 3046 330 3095 esus
348 3024 495 3095 Bantius
514 3020 800 3104 (civisBsssiinas)
822 3039 885 3105 pro
909 3041 984 3086 ceses
1005 3020 1184 3106 legendum
1205 3040 1334 3102 censeo,
1357 3024 1516 3105 quoniam
1536 3025 1572 3087 in
1590 3025 1878 3110 inscriptionibus,

124 3162 222 3235 quas
240 3145 339 3211 Oscis
357 3144 465 3209 litsris
486 3151 643 3204 exaratae
663 3150 749 3215 suut,
778 3150 836 3205 ons
858 3159 992 3224 quoque
1011 3158 1076 3225 pro
1098 3140 1199 3220 autb)
1220 3149 1256 3205 ct
1277 3142 1398 3207 tonsiles
1418 3142 1489 3228 [pro
1512 3146 1634 3208 tuticus
1653 3144 1760 3207 scribi
1780 3144 1878 3209 solet.

131 3264 233 3333 Has
251 3258 386 3346 quidem
406 3264 443 3325 in
464 3259 630 3325 Abellana
651 3259 767 3323 tabula
788 3278 853 3343 pro
873 3258 1062 3340 majoribus,
1088 3260 1177 3323 sicut
1196 3263 1277 3325 mois
1297 3262 1334 3323 in
1354 3260 1499 3324 Bantius
1518 3280 1583 3345 pro
1603 3266 1710 3346 nagia
1729 3262 1877 3350 legitur5

127 3380 191 3451 ssd
210 3390 356 3469 ⁷practer
374 3378 602 3467 diphthongos
623 3380 667 3460 oi,
689 3382 730 3454 ei,
752 3381 792 3457 s's‘,
815 3380 859 3459 oi,
880 3379 929 3458 ssi,
949 3396 1013 3463 pro
1033 3398 1085 3459 ue,
1107 3397 1135 3458 s,
1157 3381 1181 3453 i,
1201 3400 1252 3459 es,
1280 3380 1411 3443 nullam
1431 3380 1534 3443 aliurn
1554 3399 1712 3467 agnosce,
1742 3382 1810 3444 nisi
1835 3398 1880 3445 ss

125 3504 166 3567 isa
185 3502 278 3569 susi
295 3518 360 3586 pru
378 3502 470 3566 socio
492 3500 529 3561 iu
549 3498 692 3562 &ndns
721 3498 851 3561 tabula:
887 3508 1007 3562 saetam
1039 3498 1129 3560 enim
1160 3500 1250 3562 sicut
1279 3507 1398 3561 tonsum
1430 3497 1719 3582 pronuntiandum
1744 3518 1876 3563 censeo.

124 3620 181 3687 Au
197 3618 238 3691 is
252 3616 291 3683 in
309 3618 690 3683 nominibussliamsn'is
710 3618 946 3683 etll's'umisieis
966 3634 1029 3699 pro
1050 3615 1259 3705 diphthongo
1280 3612 1513 3702 accipiendum
1533 3619 1589 3697 sit,
1611 3638 1713 3702 quum
1734 3619 1770 3681 in
1791 3617 1880 3681 mul·

124 3740 173 3805 tis
191 3736 270 3803 aliis
288 3738 466 3803 vocabulis
487 3735 615 3802 duabus
635 3735 775 3819 syllabis
794 3738 1047 3821 pronuntietur,
1075 3732 1213 3799 dubito:
1245 3756 1285 3799 sa
1310 3744 1405 3799 certe
1431 3754 1617 3820 pronomen
1645 3754 1710 3821 pro
1730 3736 1785 3801 iob
1805 3736 1878 3801 sive

121 3858 183 3925 id
200 3854 286 3923 duae
306 3858 441 3922 vocales
461 3866 557 3937 sunt3
579 3853 638 3919 scd
658 3854 917 3942 triphthongum
933 3857 1047 3917 forsan
1068 3856 1120 3918 cei
1141 3857 1330 3940 reperimus
1351 3856 1388 3918 in
1408 3856 1660 3939 antiquissimae
1681 3856 1877 3939 inscriptio·

124 3978 179 4043 als
207 3977 346 4042 nominc
380 3977 553 4043 Ostiensis.
597 3973 651 4038 An
676 3975 713 4036 in
737 3974 931 4037 nominibus
956 3976 1135 4039 Niumsriis
1158 3983 1195 4038 et
1219 3974 1409 4039 Niumiaisis
1437 3974 1557 4039 literae
1584 3994 1604 4037 r
1631 3982 1667 4038 et
1691 3992 1710 4040 a
1730 3975 1822 4038 inter
1840 3992 1876 4038 sc

124 4104 336 4181 pmmtatm
354 4097 435 4177 sint,
467 4091 748 4183 quemadmodum
768 4094 956 4177 degetssiaso
976 4111 1040 4179 pre
1067 4094 1248 4178 digiisriss
1273 4093 1379 4155 scribi
1404 4096 1528 4176 potuit,
1560 4112 1581 4157 a
1608 4093 1784 4176 digitussdo
1811 4110 1876 4176 pro

122 4213 278 4279 munio
298 4211 483 4297 derivatus,
503 4213 595 4281 unde
613 4210 706 4300 apml
726 4213 893 4279 Romanos
913 4231 1047 4297 quoquc
1066 4214 1250 4296 scriptores
1271 4212 1455 4296 indigitare
1465 4213 1606 4301 legitur,
1629 4210 1780 4276 dubitari
1800 4212 1876 4296 qui·

121 4325 203 4395 dem
233 4335 360 4418 possit3
403 4342 441 4398 at
470 4336 596 4400 oiucser
622 4332 753 4399 Iamatir
778 4334 816 4396 iu
847 4331 988 4396 sinens
1018 4332 1134 4396 tabula
1163 4331 1267 4396 aliter
1298 4333 1519 4416 interpretari
1546 4334 1671 4412 nescio,
1703 4349 1805 4416 quam
1835 4339 1875 4395 ut

122 4447 332 4517 Umbrorum
351 4470 448 4516 more
468 4470 531 4537 pso
553 4454 673 4519 uinctis
694 4452 823 4519 leuatis
850 4452 1014 4535 scriptum
1034 4452 1234 4536 accipiatur.
1278 4451 1566 4516 permutationem
1586 4452 1765 4514 literarum
1785 4468 1821 4515 ss
1841 4458 1876 4513 st

120 4566 143 4651 s
160 4568 229 4650 iam
248 4588 352 4657 snpra
372 4574 510 4648 netari3
534 4590 560 4637 s
579 4592 645 4660 pro
664 4592 695 4638 m
714 4550 880 4659 scriptum
900 4571 1009 4635 estin
1028 4568 1218 4635 detestatas
1238 4571 1502 4635 Herculanensis
1530 4571 1763 4657 inscriptionis
1783 4577 1818 4634 et
1838 4568 1876 4633 is

120 4704 190 4771 poss
207 4708 271 4775 pro
301 4708 397 4775 paam
417 4692 455 4754 in
476 4689 618 4756 Bantius
634 4690 762 4757 tabula.
803 4690 1000 4755 Memorstu
1029 4710 1237 4775 veroquam
1268 4693 1412 4755 maxims
1440 4689 1542 4779 digna
1571 4699 1623 4755 est
1644 4690 1823 4753 literarum
1844 4708 1874 4768 r,

122 4802 205 4888 ut,
227 4810 432 4893 permutatio
453 4812 490 4875 in
510 4810 648 4875 nomiae
669 4808 898 4893 triburabitur*
911 4812 984 4875 sive
1005 4809 1237 4890 sribcdublss'cf
1252 4818 1288 4875 et
1308 4809 1490 4876 tribulatae
1508 4830 1574 4896 pro
1596 4809 1758 4875 tribulosa
1774 4818 1873 4873 tenu.

123 4924 236 4993 Etiam
260 4926 327 4995 hoc
352 4942 406 4998 cst
430 4927 688 5011 obsmaadum,
720 4927 810 5016 quod
834 4932 873 4995 in
892 4930 1059 5013 Abellano
1076 4948 1160 4996 saro
1179 4930 1316 4996 nomina
1336 4933 1373 4994 in
1394 4930 1529 5014 {exire
1546 4930 1690 5011 soleant,
1716 4923 1874 5014 qumod·
