4244 5722
1032 562 1235 624 ..10-

275 715 395 782 Museo
415 719 617 808 philologico
639 741 668 784 a.
693 723 782 790 1833.
804 742 878 810 pag.
900 723 963 790 385
982 743 1049 808 sqq.
1080 725 1145 802 iam
1171 732 1262 791 rects
1290 723 1527 806 interpretatus
1547 730 1596 784 est
1615 738 1689 805 pro
1714 727 1853 784 monte
1872 719 1995 799 Pisis,

274 857 352 921 pro
381 848 468 902 tota
488 839 677 928 Iguviua.
736 843 834 904 Hanc
855 841 1027 932 Iguvinam
1057 851 1168 905 autem
1199 861 1265 904 non
1291 839 1408 904 urbem
1435 859 1509 901 oum
1534 857 1630 900 arce
1657 838 1770 899 Pisis
1795 858 1815 899 a
1836 833 1900 899 deo
1921 837 1997 898 Fiso

275 951 380 1016 Sensi
410 955 515 1037 dicta,
548 957 606 1021 sed
626 960 755 1023 tribum
776 980 862 1040 esse,
894 981 913 1025 e
932 962 1044 1025 verbis
1068 956 1273 1042 rorando)
1294 959 1489 1038 Itanvo,
1517 952 1729 1043 τρεφιπερ
1751 955 1928 1020 IraFrva
1948 954 1995 1016 11.

274 1072 315 1138 24
335 1094 381 1154 sq.
402 1077 443 1141 29
464 1096 511 1159 sq.
535 1096 602 1138 nou
623 1080 783 1161 sequitur.

437 1195 468 1259 Θ.
512 1196 582 1258 Etsi
613 1194 724 1257 dicere
755 1198 881 1275 nescio,
913 1195 1001 1260 unde
1032 1196 1171 1283 Iguviua
1201 1196 1280 1258 urbs
1311 1214 1431 1257 nomen
1461 1196 1644 1277 acceperit,
1682 1192 1746 1254 hoc
1778 1201 1890 1254 tamen
1920 1209 1995 1253 cum

273 1307 467 1386 sthuoarrg
497 1316 520 1372 1.
545 1313 568 1372 l.
599 1316 704 1400 magis
736 1315 908 1401 congruit,
940 1335 1038 1398 quam
1070 1334 1146 1376 eum
1166 1313 1249 1376 Jove
1280 1333 1304 1372 s.
1328 1311 1454 1390 Diove,
1487 1310 1574 1394 quod
1595 1311 1753 1373 Lasseuio
1784 1312 1895 1373 visum
1927 1318 1995 1371 eat:

272 1423 420 1487 Iovina
440 1430 546 1507 enim,
569 1450 630 1513 pro
653 1430 668 1490 I
676 1432 821 1509 jovina
841 1451 866 1493 s.
890 1433 996 1496 IxsF
999 1453 1064 1496 ινα
1084 1434 1245 1516 positum,
1268 1440 1427 1513 quatuor,
1448 1450 1514 1493 uon
1535 1429 1661 1508 tribus,
1690 1429 1826 1510 syllabis
1846 1437 1897 1490 est
1919 1445 1999 1511 pro·

271 1544 508 1626 nuntiandum,
540 1557 580 1610 ut
607 1547 786 1611 Iovinur
816 1549 877 1629 Vl,
899 1570 930 1627 a,
951 1552 1003 1616 56.
1036 1571 1098 1634 pro
1119 1550 1315 1629 ljovinur
1345 1547 1408 1626 Vl,
1430 1568 1460 1627 a,
1482 1550 1523 1613 63
1554 1549 1634 1609 sive·
1656 1543 1944 1623 IustacIV,
1966 1563 1998 1623 a,

270 1663 309 1724 21
332 1682 378 1745 sq.
424 1662 494 1725 Cur
514 1677 624 1728 autem
644 1667 756 1729 verbis
781 1664 1093 1756 Φρατρθσπε(ῥ)
1113 1652 1361 1754 Ατιιερἰε(ς)
1383 1664 1522 1726 addatur
1542 1660 1758 1750 abstaret
1792 1663 2001 1728 etuFooa-

269 1799 350 1858 τις,
373 1780 406 1840 h.
430 1801 459 1844 e.
483 1803 544 1867 pro
566 1784 691 1846 inclitis
713 1804 828 1847 rerum
849 1805 1017 1847 sacrarum
1038 1787 1190 1864 arbitris,
1212 1806 1237 1846 s.
1263 1780 1446 1846 arbitrandi
1467 1784 1541 1861 jure
1562 1781 1741 1865 praeditis,
1771 1801 1813 1842 ex
1833 1782 1875 1842 iis
1896 1779 2001 1843 facile

270 1899 490 1986 intelligitur,
522 1922 606 1984 quae
626 1901 654 1983 6.
680 1907 708 1966 1.
732 1907 858 1966 monui.
911 1879 1050 1979 Alete
1078 1903 1243 1964 inclitis
1270 1898 1467 1963 vertendum
1492 1902 1627 1983 putavi,
1661 1901 1738 1981 quia
1763 1898 1809 1976 V,
1832 1918 1862 1977 a,
1887 1900 1927 1963 1⁰
1944 1918 1995 1981 sq.

270 2014 310 2076 A
319 2017 397 2079 bes
417 2017 502 2082 IsF
506 2041 519 2081 ι
540 2029 574 2080 et
592 2018 714 2083 Adra
735 2018 880 2104 Μαρτι
901 2020 1041 2101 dicitur,
1071 2023 1157 2082 sicut
1176 2020 1272 2083 Jovi
1293 2018 1448 2081 inclito
1477 2016 1564 2102 apud
1585 2016 1691 2078 Plaut
1714 2016 1801 2080 Pers.
1825 2016 1868 2096 11,
1891 2018 1994 2094 ³,1.;

271 2152 474 2214 quanquam,
505 2138 533 2196 si
555 2139 590 2196 in
612 2140 784 2220 superiore
805 2138 970 2221 particula
993 2137 1019 2220 §.
1040 2142 1092 2202 31.
1116 2139 1304 2217 abrepere
1326 2146 1415 2197 recte
1436 2138 1672 2219 interpretatus
1693 2155 1765 2197 sum
1787 2154 1876 2196 cum
1898 2153 1997 2196 ova·

270 2252 399 2329 tione,
421 2251 553 2335 Jupiter
574 2263 608 2314 et
627 2253 721 2314 Mars
743 2263 889 2316 ovatus
910 2252 977 2315 dici
999 2262 1125 2338 posset,
1156 2255 1245 2314 sicut
1265 2251 1353 2336 apud
1374 2253 1559 2340 Virgilium
1580 2253 1618 2318 A.
1642 2252 1795 2334 1v‚609.
1820 2250 1999 2332 „Noctur-

269 2369 320 2430 nis
340 2369 467 2431 Hecate
500 2372 610 2432 triviis
641 2371 815 2433 ululata
844 2392 905 2456 per
935 2369 1058 2434 urbes“
1088 2372 1222 2458 legitur.
1266 2369 1363 2451 Quod
1383 2372 1498 2434 Frater
1519 2370 1680 2435 Atiersius
1702 2374 1737 2432 in
1759 2373 1858 2433 tertia
1879 2369 1998 2432 tabula

268 2484 510 2550 Sehmenier
531 2485 729 2567 dequrier
751 2487 893 2566 dicitur,
929 2491 1026 2551 facile
1047 2491 1232 2573 explicatur
1252 2490 1541 2574 inscriptionibus,
1576 2493 1611 2550 in
1638 2490 1756 2573 quibus
1785 2488 1923 2552 decuria
1943 2488 1997 2551 bi·

268 2602 409 2667 dentalis
429 2607 500 2668 sive
521 2604 658 2669 decuria
679 2604 886 2668 sacerdotum
906 2604 1122 2668 bidentalium
1143 2608 1277 2694 legitur.

310 2721 405 2786 Grut.
428 2721 556 2801 XLVI,
578 2729 607 2789 5.
630 2722 800 2785 SEMONI
825 2721 835 2805 l}
860 2722 1003 2787 SANCO
1029 2722 1041 2805 ΙΙ
1064 2723 1161 2788 DEO.
1184 2724 1301 2785 FIDIO
1326 2721 1338 2807 ΙΙ
1361 2723 1545 2787 SACRVM
1568 2719 1579 2807 ΙΙ
1602 2724 1694 2787 SEX.
1719 2723 1946 2789 POMPEIVS.

350 2838 409 2901 SP.
443 2842 466 2900 F
501 2838 511 2922 fl
547 2839 642 2902 COL.
667 2840 936 2904 MVSSIANVS·
959 2837 971 2923 Η
1005 2840 1376 2924 QVINQVENNALIS
1410 2838 1422 2925 ΙΙ
1455 2841 1614 2909 DECVR.
1643 2841 1909 2905 BIDENTALIS
1932 2839 1944 2924 l!

349 2957 520 3020 DONVM
540 2959 687 3024 DEDIT.
708 2997 711 3003 -

309 3073 404 3138 Grut
428 3075 552 3155 XLVI,
574 3081 604 3141 6.
648 3074 833 3139 SANCTO.
857 3075 1000 3139 SANCO
1014 3071 1026 3158 ΙΙ
1046 3075 1216 3138 SEMONI
1237 3077 1335 3142 DEO.
1358 3077 1474 3141 FIDIO
1489 3072 1702 3160 ttsacltvbt.
1725 3076 1917 3141 DECVRIA
1934 3075 1945 3158 ΙΙ

348 3191 651 3255 SACERDOTVM
675 3189 685 3274 ss
709 3193 1028 3277 BIDENTALIVM
1052 3191 1062 3276 ΙΙ
1087 3193 1364 3257 RECIPERATIS
1388 3193 1399 3277 1]
1422 3195 1752 3259 VECTIGALIBUS.

268 3308 334 3373 Sed
354 3313 478 3372 mirum
499 3310 652 3389 videtur,
676 3311 763 3393 quod
785 3314 820 3370 in
842 3314 1011 3392 quintae
1032 3313 1164 3374 tabulae
1186 3315 1283 3374 initio
1305 3314 1449 3400 legatur:
1479 3316 1670 3393 Σεμενιες
1695 3312 1887 3402 senadors
1909 3333 1989 3394 σιμ,

268 3426 440 3514 zandapa
461 3449 595 3493 arcere
617 3430 648 3490 h.
672 3449 700 3490 e.
723 3427 887 3490 Semoniis
909 3427 1053 3491 decuriis
1074 3452 1182 3508 suem,
1205 3451 1340 3514 caprum
1364 3432 1495 3519 obagito
1517 3434 1587 3494 sive
1609 3435 1746 3512 offerto,
1768 3436 1856 3496 sicut
1875 3433 1988 3518 paullo

268 3557 343 3630 post
361 3549 523 3631 scriptum
544 3558 607 3609 est:

431 3664 476 3742 V,
499 3664 530 3743 b,
553 3667 593 3731 78
613 3685 658 3745 sq.
709 3648 790 3729 lsFe
831 3662 946 3748 Πατρε
990 3685 1091 3751 pers,
1134 3687 1168 3729 σι
1228 3664 1371 3751 fradonus
1412 3669 1555 3733 ochexve
1595 3690 1709 3732 suero.

707 3783 785 3845 Jovi
841 3782 933 3844 Patri
983 3786 1100 3862 facito,
1123 3805 1213 3846 suem
1245 3796 1369 3847 castum
1410 3797 1558 3847 sanctum
1601 3790 1729 3849 offerto.

430 3901 476 3980 V,
498 3902 530 3981 b,
555 3907 594 3966 lo
615 3924 660 3985 sq.
712 3904 852 3966 Funera
894 3900 975 3981 Σαζι
1016 3926 1164 3984 optutus,
1227 3899 1340 3990 καπρο
1382 3901 1523 3987 περακνε
1564 3905 1708 3968 anaxve
1750 3925 1865 3968 ansas.

697 4020 830 4104 Vaputo
872 4016 977 4082 Sau⁸si
997 4022 1199 4098 sacrificato,
1223 4041 1360 4104 caprum
1381 4031 1506 4083 castum
1529 4078 1532 4085 ,
1558 4031 1706 4083 sanctum
1748 4026 1877 4086 offerto.

268 4139 335 4201 Hic
357 4141 484 4200 incerta
504 4148 581 4199 sunt
602 4139 728 4216 omnia,
751 4158 810 4199 nec
831 4140 895 4199 nisi
917 4139 1113 4200 hariolando
1135 4138 1246 4201 dicere
1267 4160 1416 4223 possum,
1451 4138 1530 4222 quid
1552 4143 1700 4202 sentiam.
1746 4140 1855 4222 Quid?
1885 4143 1914 4203 si
1934 4163 1989 4204 sus

269 4277 430 4342 caperque
451 4255 613 4318 Semoniis
645 4254 789 4316 decuriis
817 4259 934 4318 offerri
962 4258 1153 4335 jubeantur,
1187 4267 1224 4318 ut
1244 4257 1323 4319 Jovi
1344 4257 1435 4319 Patri
1457 4267 1491 4318 et
1511 4256 1645 4340 Vaputo
1667 4254 1772 4318 San‘si
1795 4278 1888 4321 sacra
1909 4260 1988 4322 fiant

268 4376 357 4438 hisce
378 4373 579 4459 pecudibus?
601 4373 656 4435 Sic
676 4374 804 4451 saltim,
828 4395 911 4455 quae
932 4385 1130 4457 sequuntur,
1153 4375 1371 4457 probabiliter
1391 4377 1608 4458 interpretari
1629 4376 1718 4441 licet.

430 4498 461 4560 9.
503 4493 651 4554 Maxima
672 4490 850 4554 difficultas
872 4494 906 4552 in
927 4491 1184 4576 interpretandis
1196 4493 1363 4556 Umbricis
1384 4492 1654 4576 inscriptionibus
1677 4503 1810 4555 creatur
1827 4515 1879 4574 eo,
1901 4493 1987 4577 quod

270 4617 403 4675 nomina
432 4632 492 4696 per
522 4612 634 4696 plures
665 4631 756 4671 casus
783 4610 941 4672 similiter
961 4613 1045 4673 flexa
1071 4611 1297 4672 observantur.
1341 4608 1623 4692 Quemadmodum
1644 4614 1750 4697 igitur
1769 4613 1872 4674 verba
1893 4614 1986 4675 Fra·

270 4743 335 4794 ter
355 4731 561 4793 Atiersiur
581 4727 822 4791 Schmenier
854 4725 1267 4810 dequrierPelmner
1297 4750 1440 4793 sorser
1460 4732 1495 4790 iu
1516 4732 1612 4791 vario
1636 4750 1733 4791 sensu
1754 4731 1912 4792 similiter
1932 4733 1984 4792 lle·

270 4861 419 4927 utuntur,
447 4859 485 4911 ut
505 4850 668 4933 genitivus
689 4846 866 4932 singularis
888 4848 1018 4908 numeri
1041 4866 1107 4908 nou
1129 4847 1351 4934 distinguatur
1372 4870 1391 4911 a
1411 4849 1615 4912 nominativo
1638 4859 1671 4911 et
1691 4847 1804 4912 dativo
1825 4849 1981 4933 pluralis,
