<?xml version="1.0" encoding="UTF-8"?>
<!DOCTYPE html PUBLIC "-//W3C//DTD XHTML 1.0 Transitional//EN"
    "http://www.w3.org/TR/xhtml1/DTD/xhtml1-transitional.dtd">
<html xmlns="http://www.w3.org/1999/xhtml" xml:lang="en" lang="en">
 <head>
  <title>
</title>
<meta http-equiv="Content-Type" content="text/html;charset=utf-8" />
  <meta name='ocr-system' content='tesseract 3.04.00' />
  <meta name='ocr-capabilities' content='ocr_page ocr_carea ocr_par ocr_line ocrx_word'/>
</head>
<body>
  <div class='ocr_page' id='page_1' title='image "./rudimentalingua00grotgoog_0069.png"; bbox 0 0 4244 5722; ppageno 0'>
   <div class='ocr_carea' id='block_1_1' title="bbox 680 1360 1420 1489">
    <p class='ocr_par' dir='ltr' id='par_1_1' title="bbox 680 1360 1420 1489">
     <span class='ocr_line' id='line_1_1' title="bbox 680 1360 1420 1489; baseline -0.004 -39"><span class='ocrx_word' id='word_1_1' title='bbox 680 1360 1255 1451; x_wconf 76' lang='lat' dir='ltr'>ParticulaI.</span> <span class='ocrx_word' id='word_1_2' title='bbox 1414 1480 1420 1489; x_wconf 20' lang='grc' dir='ltr'>ι</span> 
     </span>
    </p>
   </div>
   <div class='ocr_carea' id='block_1_2' title="bbox 139 1582 1795 1727">
    <p class='ocr_par' dir='ltr' id='par_1_2' title="bbox 139 1582 1795 1727">
     <span class='ocr_line' id='line_1_2' title="bbox 139 1582 1795 1727; baseline -0.008 -31"><span class='ocrx_word' id='word_1_3' title='bbox 139 1593 669 1697; x_wconf 80' lang='lat' dir='ltr'>Fundamenta</span> <span class='ocrx_word' id='word_1_4' title='bbox 723 1592 979 1697; x_wconf 86' lang='lat' dir='ltr'>totius</span> <span class='ocrx_word' id='word_1_5' title='bbox 1034 1589 1304 1727; x_wconf 88' lang='lat' dir='ltr'>operis</span> <span class='ocrx_word' id='word_1_6' title='bbox 1361 1582 1795 1692; x_wconf 85' lang='lat' dir='ltr'>continens.</span> 
     </span>
    </p>
   </div>
   <div class='ocr_carea' id='block_1_3' title="bbox 836 1871 1111 1881">
    <p class='ocr_par' dir='ltr' id='par_1_3' title="bbox 836 1871 1111 1881">
     <span class='ocr_line' id='line_1_3' title="bbox 836 1871 1111 1881; baseline 0 0"><span class='ocrx_word' id='word_1_7' title='bbox 836 1871 1111 1881; x_wconf 50' lang='grc' dir='ltr'>,Μαι-,ιι-</span> 
     </span>
    </p>
   </div>
   <div class='ocr_carea' id='block_1_4' title="bbox 103 2123 1843 3740">
    <p class='ocr_par' dir='ltr' id='par_1_4' title="bbox 103 2123 1843 3740">
     <span class='ocr_line' id='line_1_4' title="bbox 272 2123 1838 2229; baseline -0.008 -25"><span class='ocrx_word' id='word_1_8' title='bbox 272 2132 302 2204; x_wconf 94' lang='lat' dir='ltr'>l.</span> <span class='ocrx_word' id='word_1_9' title='bbox 357 2133 619 2229; x_wconf 79' lang='lat' dir='ltr'>Quaecumque</span> <span class='ocrx_word' id='word_1_10' title='bbox 645 2135 690 2205; x_wconf 90' lang='lat' dir='ltr'>ad</span> <span class='ocrx_word' id='word_1_11' title='bbox 716 2134 880 2228; x_wconf 81' lang='lat' dir='ltr'>linguam</span> <span class='ocrx_word' id='word_1_12' title='bbox 899 2132 1114 2206; x_wconf 89' lang='lat' dir='ltr'>Umbricam</span> <span class='ocrx_word' id='word_1_13' title='bbox 1137 2132 1396 2202; x_wconf 83' lang='lat' dir='ltr'>addiscendam</span> <span class='ocrx_word' id='word_1_14' title='bbox 1412 2126 1613 2214; x_wconf 79' lang='lat' dir='ltr'>conferunt,</span> <span class='ocrx_word' id='word_1_15' title='bbox 1641 2123 1729 2195; x_wconf 89' lang='lat' dir='ltr'>solis</span> <span class='ocrx_word' id='word_1_16' title='bbox 1754 2144 1838 2192; x_wconf 90' lang='lat' dir='ltr'>con-</span> 
     </span>
     <span class='ocr_line' id='line_1_5' title="bbox 107 2243 1838 2343; baseline -0.005 -27"><span class='ocrx_word' id='word_1_17' title='bbox 107 2247 268 2318; x_wconf 89' lang='lat' dir='ltr'>tinentur</span> <span class='ocrx_word' id='word_1_18' title='bbox 302 2248 616 2343; x_wconf 83' lang='lat' dir='ltr'>inscriptionibus,</span> <span class='ocrx_word' id='word_1_19' title='bbox 652 2274 743 2342; x_wconf 91' lang='lat' dir='ltr'>quae</span> <span class='ocrx_word' id='word_1_20' title='bbox 776 2247 915 2342; x_wconf 86' lang='lat' dir='ltr'>duplici</span> <span class='ocrx_word' id='word_1_21' title='bbox 946 2247 1137 2317; x_wconf 85' lang='lat' dir='ltr'>literarum</span> <span class='ocrx_word' id='word_1_22' title='bbox 1170 2270 1300 2341; x_wconf 90' lang='lat' dir='ltr'>genere</span> <span class='ocrx_word' id='word_1_23' title='bbox 1332 2243 1538 2338; x_wconf 80' lang='lat' dir='ltr'>exsculptae</span> <span class='ocrx_word' id='word_1_24' title='bbox 1573 2250 1727 2312; x_wconf 83' lang='lat' dir='ltr'>exstant:</span> <span class='ocrx_word' id='word_1_25' title='bbox 1759 2261 1838 2308; x_wconf 88' lang='lat' dir='ltr'>exa-</span> 
     </span>
     <span class='ocr_line' id='line_1_6' title="bbox 106 2357 1839 2458; baseline -0.004 -27"><span class='ocrx_word' id='word_1_26' title='bbox 106 2373 202 2434; x_wconf 89' lang='lat' dir='ltr'>ratae</span> <span class='ocrx_word' id='word_1_27' title='bbox 229 2365 331 2434; x_wconf 87' lang='lat' dir='ltr'>enim</span> <span class='ocrx_word' id='word_1_28' title='bbox 357 2375 442 2435; x_wconf 90' lang='lat' dir='ltr'>sunt</span> <span class='ocrx_word' id='word_1_29' title='bbox 466 2363 525 2434; x_wconf 90' lang='lat' dir='ltr'>vel</span> <span class='ocrx_word' id='word_1_30' title='bbox 551 2364 693 2435; x_wconf 85' lang='lat' dir='ltr'>Latinis</span> <span class='ocrx_word' id='word_1_31' title='bbox 718 2363 778 2434; x_wconf 84' lang='lat' dir='ltr'>vel</span> <span class='ocrx_word' id='word_1_32' title='bbox 801 2365 931 2436; x_wconf 90' lang='lat' dir='ltr'>Tuscis</span> <span class='ocrx_word' id='word_1_33' title='bbox 956 2363 1084 2453; x_wconf 89' lang='lat' dir='ltr'>literis,</span> <span class='ocrx_word' id='word_1_34' title='bbox 1110 2386 1267 2458; x_wconf 89' lang='lat' dir='ltr'>quarum</span> <span class='ocrx_word' id='word_1_35' title='bbox 1293 2361 1361 2432; x_wconf 90' lang='lat' dir='ltr'>hae</span> <span class='ocrx_word' id='word_1_36' title='bbox 1387 2360 1548 2456; x_wconf 25' lang='lat' dir='ltr'>quidem·</span> <span class='ocrx_word' id='word_1_37' title='bbox 1563 2357 1653 2428; x_wconf 89' lang='lat' dir='ltr'>adeo</span> <span class='ocrx_word' id='word_1_38' title='bbox 1679 2364 1839 2426; x_wconf 85' lang='lat' dir='ltr'>mutatae</span> 
     </span>
     <span class='ocr_line' id='line_1_7' title="bbox 106 2470 1839 2572; baseline -0.004 -26"><span class='ocrx_word' id='word_1_39' title='bbox 106 2489 142 2548; x_wconf 89' lang='lat' dir='ltr'>et</span> <span class='ocrx_word' id='word_1_40' title='bbox 169 2489 291 2549; x_wconf 89' lang='lat' dir='ltr'>auctae</span> <span class='ocrx_word' id='word_1_41' title='bbox 317 2488 414 2565; x_wconf 86' lang='lat' dir='ltr'>sunt,</span> <span class='ocrx_word' id='word_1_42' title='bbox 449 2487 489 2547; x_wconf 90' lang='lat' dir='ltr'>ut</span> <span class='ocrx_word' id='word_1_43' title='bbox 514 2480 708 2571; x_wconf 88' lang='lat' dir='ltr'>proprium</span> <span class='ocrx_word' id='word_1_44' title='bbox 734 2477 887 2550; x_wconf 90' lang='lat' dir='ltr'>Umbris</span> <span class='ocrx_word' id='word_1_45' title='bbox 919 2478 1156 2572; x_wconf 76' lang='lat' dir='ltr'>alphabetum</span> <span class='ocrx_word' id='word_1_46' title='bbox 1193 2478 1423 2548; x_wconf 85' lang='lat' dir='ltr'>constituant.</span> <span class='ocrx_word' id='word_1_47' title='bbox 1473 2474 1532 2545; x_wconf 87' lang='lat' dir='ltr'>Ex</span> <span class='ocrx_word' id='word_1_48' title='bbox 1567 2472 1681 2545; x_wconf 89' lang='lat' dir='ltr'>literis</span> <span class='ocrx_word' id='word_1_49' title='bbox 1706 2470 1839 2542; x_wconf 82' lang='lat' dir='ltr'>additis</span> 
     </span>
     <span class='ocr_line' id='line_1_8' title="bbox 106 2588 1838 2688; baseline -0.006 -24"><span class='ocrx_word' id='word_1_50' title='bbox 106 2596 179 2683; x_wconf 86' lang='lat' dir='ltr'>jam</span> <span class='ocrx_word' id='word_1_51' title='bbox 206 2592 432 2686; x_wconf 74' lang='lat' dir='ltr'>intelligitur,</span> <span class='ocrx_word' id='word_1_52' title='bbox 468 2616 579 2686; x_wconf 92' lang='lat' dir='ltr'>quam</span> <span class='ocrx_word' id='word_1_53' title='bbox 606 2617 738 2686; x_wconf 87' lang='lat' dir='ltr'>parurn</span> <span class='ocrx_word' id='word_1_54' title='bbox 765 2604 866 2688; x_wconf 85' lang='lat' dir='ltr'>aptae</span> <span class='ocrx_word' id='word_1_55' title='bbox 895 2593 1027 2664; x_wconf 88' lang='lat' dir='ltr'>luerint</span> <span class='ocrx_word' id='word_1_56' title='bbox 1051 2595 1261 2666; x_wconf 88' lang='lat' dir='ltr'>Tuscorum</span> <span class='ocrx_word' id='word_1_57' title='bbox 1295 2591 1420 2664; x_wconf 89' lang='lat' dir='ltr'>literae</span> <span class='ocrx_word' id='word_1_58' title='bbox 1455 2590 1616 2660; x_wconf 90' lang='lat' dir='ltr'>sermoni</span> <span class='ocrx_word' id='word_1_59' title='bbox 1641 2588 1838 2661; x_wconf 81' lang='lat' dir='ltr'>Umbrica:</span> 
     </span>
     <span class='ocr_line' id='line_1_9' title="bbox 105 2703 1841 2806; baseline -0.003 -28"><span class='ocrx_word' id='word_1_60' title='bbox 105 2709 259 2780; x_wconf 80' lang='lat' dir='ltr'>feliciter</span> <span class='ocrx_word' id='word_1_61' title='bbox 284 2710 394 2803; x_wconf 87' lang='lat' dir='ltr'>igitur</span> <span class='ocrx_word' id='word_1_62' title='bbox 420 2707 562 2796; x_wconf 89' lang='lat' dir='ltr'>accidit,</span> <span class='ocrx_word' id='word_1_63' title='bbox 595 2719 638 2781; x_wconf 90' lang='lat' dir='ltr'>ut</span> <span class='ocrx_word' id='word_1_64' title='bbox 662 2709 843 2779; x_wconf 85' lang='lat' dir='ltr'>maximae</span> <span class='ocrx_word' id='word_1_65' title='bbox 871 2712 1039 2781; x_wconf 92' lang='lat' dir='ltr'>omnium</span> <span class='ocrx_word' id='word_1_66' title='bbox 1071 2711 1319 2806; x_wconf 84' lang='lat' dir='ltr'>inscriptionis</span> <span class='ocrx_word' id='word_1_67' title='bbox 1353 2717 1611 2803; x_wconf 81' lang='lat' dir='ltr'>argumentum</span> <span class='ocrx_word' id='word_1_68' title='bbox 1641 2715 1717 2777; x_wconf 84' lang='lat' dir='ltr'>tam</span> <span class='ocrx_word' id='word_1_69' title='bbox 1743 2703 1841 2775; x_wconf 88' lang='lat' dir='ltr'>Lati-</span> 
     </span>
     <span class='ocr_line' id='line_1_10' title="bbox 105 2821 1842 2922; baseline -0.004 -26"><span class='ocrx_word' id='word_1_70' title='bbox 105 2828 164 2896; x_wconf 93' lang='lat' dir='ltr'>nis</span> <span class='ocrx_word' id='word_1_71' title='bbox 190 2851 300 2920; x_wconf 88' lang='lat' dir='ltr'>quam</span> <span class='ocrx_word' id='word_1_72' title='bbox 315 2824 445 2897; x_wconf 87' lang='lat' dir='ltr'>Tuscis</span> <span class='ocrx_word' id='word_1_73' title='bbox 472 2823 587 2895; x_wconf 86' lang='lat' dir='ltr'>literis</span> <span class='ocrx_word' id='word_1_74' title='bbox 614 2825 666 2895; x_wconf 91' lang='lat' dir='ltr'>sic</span> <span class='ocrx_word' id='word_1_75' title='bbox 692 2827 940 2921; x_wconf 86' lang='lat' dir='ltr'>compositum</span> <span class='ocrx_word' id='word_1_76' title='bbox 966 2829 1024 2916; x_wconf 88' lang='lat' dir='ltr'>sit,</span> <span class='ocrx_word' id='word_1_77' title='bbox 1051 2838 1101 2917; x_wconf 88' lang='lat' dir='ltr'>ut,</span> <span class='ocrx_word' id='word_1_78' title='bbox 1129 2837 1335 2922; x_wconf 87' lang='lat' dir='ltr'>comparata</span> <span class='ocrx_word' id='word_1_79' title='bbox 1354 2825 1556 2897; x_wconf 89' lang='lat' dir='ltr'>eorundem</span> <span class='ocrx_word' id='word_1_80' title='bbox 1578 2821 1842 2895; x_wconf 87' lang='lat' dir='ltr'>vocabulorum</span> 
     </span>
     <span class='ocr_line' id='line_1_11' title="bbox 107 2938 1841 3036; baseline -0.004 -24"><span class='ocrx_word' id='word_1_81' title='bbox 107 2938 284 3036; x_wconf 85' lang='lat' dir='ltr'>scriptura</span> <span class='ocrx_word' id='word_1_82' title='bbox 311 2940 462 3036; x_wconf 85' lang='lat' dir='ltr'>duplici,</span> <span class='ocrx_word' id='word_1_83' title='bbox 488 2939 851 3013; x_wconf 88' lang='lat' dir='ltr'>Latinus&#39;scribendi</span> <span class='ocrx_word' id='word_1_84' title='bbox 877 2945 1010 3015; x_wconf 91' lang='lat' dir='ltr'>modus</span> <span class='ocrx_word' id='word_1_85' title='bbox 1046 2968 1150 3014; x_wconf 91' lang='lat' dir='ltr'>veros</span> <span class='ocrx_word' id='word_1_86' title='bbox 1177 2946 1382 3017; x_wconf 78' lang='lat' dir='ltr'>Tuscorum</span> <span class='ocrx_word' id='word_1_87' title='bbox 1408 2943 1598 3014; x_wconf 88' lang='lat' dir='ltr'>literarum</span> <span class='ocrx_word' id='word_1_88' title='bbox 1625 2962 1732 3010; x_wconf 89' lang='lat' dir='ltr'>sonos</span> <span class='ocrx_word' id='word_1_89' title='bbox 1759 2960 1841 3030; x_wconf 89' lang='lat' dir='ltr'>ape-</span> 
     </span>
     <span class='ocr_line' id='line_1_12' title="bbox 106 3054 1842 3154; baseline -0.003 -26"><span class='ocrx_word' id='word_1_90' title='bbox 106 3061 184 3129; x_wconf 89' lang='lat' dir='ltr'>riat.</span> <span class='ocrx_word' id='word_1_91' title='bbox 235 3057 375 3129; x_wconf 87' lang='lat' dir='ltr'>Latinis</span> <span class='ocrx_word' id='word_1_92' title='bbox 388 3057 503 3128; x_wconf 88' lang='lat' dir='ltr'>literis</span> <span class='ocrx_word' id='word_1_93' title='bbox 518 3060 752 3153; x_wconf 88' lang='lat' dir='ltr'>compositae,</span> <span class='ocrx_word' id='word_1_94' title='bbox 772 3084 888 3154; x_wconf 91' lang='lat' dir='ltr'>quum</span> <span class='ocrx_word' id='word_1_95' title='bbox 907 3063 1062 3149; x_wconf 89' lang='lat' dir='ltr'>majores</span> <span class='ocrx_word' id='word_1_96' title='bbox 1081 3070 1161 3130; x_wconf 90' lang='lat' dir='ltr'>tum</span> <span class='ocrx_word' id='word_1_97' title='bbox 1180 3061 1354 3147; x_wconf 88' lang='lat' dir='ltr'>minores,</span> <span class='ocrx_word' id='word_1_98' title='bbox 1374 3059 1630 3153; x_wconf 89' lang='lat' dir='ltr'>inscriptiones</span> <span class='ocrx_word' id='word_1_99' title='bbox 1645 3054 1842 3128; x_wconf 90' lang='lat' dir='ltr'>Umbricae</span> 
     </span>
     <span class='ocr_line' id='line_1_13' title="bbox 106 3166 1842 3264; baseline -0.002 -21"><span class='ocrx_word' id='word_1_100' title='bbox 106 3177 216 3246; x_wconf 86' lang='lat' dir='ltr'>variis</span> <span class='ocrx_word' id='word_1_101' title='bbox 240 3173 331 3245; x_wconf 89' lang='lat' dir='ltr'>locis</span> <span class='ocrx_word' id='word_1_102' title='bbox 365 3176 565 3264; x_wconf 74' lang='lat' dir='ltr'>debentur,</span> <span class='ocrx_word' id='word_1_103' title='bbox 601 3177 731 3247; x_wconf 89' lang='lat' dir='ltr'>Tuscis</span> <span class='ocrx_word' id='word_1_104' title='bbox 765 3166 851 3246; x_wconf 71' lang='lat' dir='ltr'>uero</span> <span class='ocrx_word' id='word_1_105' title='bbox 885 3175 1018 3263; x_wconf 80' lang='lat' dir='ltr'>literis,</span> <span class='ocrx_word' id='word_1_106' title='bbox 1055 3178 1087 3245; x_wconf 92' lang='lat' dir='ltr'>si</span> <span class='ocrx_word' id='word_1_107' title='bbox 1120 3201 1140 3246; x_wconf 91' lang='lat' dir='ltr'>a</span> <span class='ocrx_word' id='word_1_108' title='bbox 1173 3179 1337 3246; x_wconf 92' lang='lat' dir='ltr'>nummis</span> <span class='ocrx_word' id='word_1_109' title='bbox 1371 3174 1599 3260; x_wconf 88' lang='lat' dir='ltr'>discesseris,</span> <span class='ocrx_word' id='word_1_110' title='bbox 1634 3174 1674 3242; x_wconf 93' lang='lat' dir='ltr'>in</span> <span class='ocrx_word' id='word_1_111' title='bbox 1708 3170 1842 3264; x_wconf 91' lang='lat' dir='ltr'>quibus</span> 
     </span>
     <span class='ocr_line' id='line_1_14' title="bbox 106 3284 1839 3385; baseline -0.005 -22"><span class='ocrx_word' id='word_1_112' title='bbox 106 3293 255 3363; x_wconf 90' lang='lat' dir='ltr'>nonnisi</span> <span class='ocrx_word' id='word_1_113' title='bbox 289 3290 439 3360; x_wconf 90' lang='lat' dir='ltr'>nomina</span> <span class='ocrx_word' id='word_1_114' title='bbox 474 3293 701 3385; x_wconf 89' lang='lat' dir='ltr'>quarundam</span> <span class='ocrx_word' id='word_1_115' title='bbox 739 3295 887 3363; x_wconf 90' lang='lat' dir='ltr'>urbium</span> <span class='ocrx_word' id='word_1_116' title='bbox 921 3294 959 3362; x_wconf 91' lang='lat' dir='ltr'>in</span> <span class='ocrx_word' id='word_1_117' title='bbox 986 3315 1071 3363; x_wconf 88' lang='lat' dir='ltr'>casu</span> <span class='ocrx_word' id='word_1_118' title='bbox 1097 3292 1217 3363; x_wconf 85' lang='lat' dir='ltr'>dativo</span> <span class='ocrx_word' id='word_1_119' title='bbox 1257 3290 1436 3379; x_wconf 69' lang='lat' dir='ltr'>(littere,</span> <span class='ocrx_word' id='word_1_120' title='bbox 1468 3284 1596 3377; x_wconf 82' lang='lat' dir='ltr'>Tlute,</span> <span class='ocrx_word' id='word_1_121' title='bbox 1622 3285 1786 3376; x_wconf 79' lang='lat' dir='ltr'>Ilruvz&#39;ui,</span> <span class='ocrx_word' id='word_1_122' title='bbox 1814 3313 1839 3356; x_wconf 90' lang='lat' dir='ltr'>s.</span> 
     </span>
     <span class='ocr_line' id='line_1_15' title="bbox 107 3404 1842 3501; baseline -0.003 -21"><span class='ocrx_word' id='word_1_123' title='bbox 107 3405 274 3490; x_wconf 73' lang='lat' dir='ltr'>liuciae)</span> <span class='ocrx_word' id='word_1_124' title='bbox 300 3406 482 3498; x_wconf 88' lang='lat' dir='ltr'>leguntur,</span> <span class='ocrx_word' id='word_1_125' title='bbox 509 3418 688 3501; x_wconf 87' lang='lat' dir='ltr'>quantum</span> <span class='ocrx_word' id='word_1_126' title='bbox 714 3410 886 3501; x_wconf 90' lang='lat' dir='ltr'>equidem</span> <span class='ocrx_word' id='word_1_127' title='bbox 913 3410 999 3497; x_wconf 88' lang='lat' dir='ltr'>scio,</span> <span class='ocrx_word' id='word_1_128' title='bbox 1026 3410 1146 3500; x_wconf 89' lang='lat' dir='ltr'>Iguvii</span> <span class='ocrx_word' id='word_1_129' title='bbox 1171 3411 1295 3498; x_wconf 86' lang='lat' dir='ltr'>modo,</span> <span class='ocrx_word' id='word_1_130' title='bbox 1321 3407 1419 3479; x_wconf 91' lang='lat' dir='ltr'>haud</span> <span class='ocrx_word' id='word_1_131' title='bbox 1444 3404 1599 3499; x_wconf 86' lang='lat' dir='ltr'>ignobili</span> <span class='ocrx_word' id='word_1_132' title='bbox 1611 3405 1842 3477; x_wconf 91' lang='lat' dir='ltr'>Umbrorum</span> 
     </span>
     <span class='ocr_line' id='line_1_16' title="bbox 109 3521 1843 3620; baseline -0.002 -26"><span class='ocrx_word' id='word_1_133' title='bbox 109 3525 264 3618; x_wconf 90' lang='lat' dir='ltr'>oppido,</span> <span class='ocrx_word' id='word_1_134' title='bbox 308 3524 353 3592; x_wconf 87' lang='lat' dir='ltr'>ad</span> <span class='ocrx_word' id='word_1_135' title='bbox 385 3524 626 3616; x_wconf 84' lang='lat' dir='ltr'>Apenninum</span> <span class='ocrx_word' id='word_1_136' title='bbox 660 3534 826 3595; x_wconf 89' lang='lat' dir='ltr'>montem</span> <span class='ocrx_word' id='word_1_137' title='bbox 863 3526 953 3613; x_wconf 86' lang='lat' dir='ltr'>sito,</span> <span class='ocrx_word' id='word_1_138' title='bbox 1001 3537 1163 3618; x_wconf 88' lang='lat' dir='ltr'>repertae</span> <span class='ocrx_word' id='word_1_139' title='bbox 1195 3536 1290 3597; x_wconf 90' lang='lat' dir='ltr'>sunt.</span> <span class='ocrx_word' id='word_1_140' title='bbox 1350 3521 1501 3620; x_wconf 76' lang='lat' dir='ltr'>Agabio</span> <span class='ocrx_word' id='word_1_141' title='bbox 1536 3523 1700 3611; x_wconf 89' lang='lat' dir='ltr'>nomini,</span> <span class='ocrx_word' id='word_1_142' title='bbox 1746 3521 1843 3615; x_wconf 92' lang='lat' dir='ltr'>quod</span> 
     </span>
     <span class='ocr_line' id='line_1_17' title="bbox 103 3639 1843 3740; baseline 0 -33"><span class='ocrx_word' id='word_1_143' title='bbox 103 3647 244 3717; x_wconf 68' lang='grc' dir='ltr'><em>Ἰσούϊον</em></span> <span class='ocrx_word' id='word_1_144' title='bbox 273 3641 419 3732; x_wconf 85' lang='lat' dir='ltr'>scripsit</span> <span class='ocrx_word' id='word_1_145' title='bbox 445 3639 687 3728; x_wconf 88' lang='lat' dir='ltr'>Ptolemaeus,</span> <span class='ocrx_word' id='word_1_146' title='bbox 717 3643 856 3740; x_wconf 76' lang='lat' dir='ltr'>&#39;&#39;lrapov</span> <span class='ocrx_word' id='word_1_147' title='bbox 883 3642 1032 3712; x_wconf 78' lang='lat' dir='ltr'>fortasse</span> <span class='ocrx_word' id='word_1_148' title='bbox 1058 3641 1188 3713; x_wconf 84' lang='lat' dir='ltr'>Strabo</span> <span class='ocrx_word' id='word_1_149' title='bbox 1216 3643 1262 3730; x_wconf 88' lang='lat' dir='ltr'>V,</span> <span class='ocrx_word' id='word_1_150' title='bbox 1288 3642 1323 3732; x_wconf 83' lang='lat'>2,</span> <span class='ocrx_word' id='word_1_151' title='bbox 1354 3642 1411 3731; x_wconf 86' lang='lat'>10,</span> <span class='ocrx_word' id='word_1_152' title='bbox 1439 3665 1519 3736; x_wconf 86' lang='lat' dir='ltr'>pag.</span> <span class='ocrx_word' id='word_1_153' title='bbox 1547 3639 1652 3730; x_wconf 67' lang='lat'>228,</span> <span class='ocrx_word' id='word_1_154' title='bbox 1678 3662 1744 3733; x_wconf 92' lang='lat' dir='ltr'>pro</span> <span class='ocrx_word' id='word_1_155' title='bbox 1770 3661 1843 3731; x_wconf 92' lang='lat' dir='ltr'>quo</span> 
     </span>
    </p>
   </div>
   <div class='ocr_carea' id='block_1_5' title="bbox 110 3754 1962 3853">
    <p class='ocr_par' dir='ltr' id='par_1_5' title="bbox 110 3754 1962 3853">
     <span class='ocr_line' id='line_1_18' title="bbox 110 3754 1962 3853; baseline -0.002 -26"><span class='ocrx_word' id='word_1_156' title='bbox 110 3759 242 3830; x_wconf 90' lang='lat' dir='ltr'>rectius</span> <span class='ocrx_word' id='word_1_157' title='bbox 268 3758 308 3825; x_wconf 93' lang='lat' dir='ltr'>in</span> <span class='ocrx_word' id='word_1_158' title='bbox 333 3757 569 3849; x_wconf 88' lang='lat' dir='ltr'>inscriptione</span> <span class='ocrx_word' id='word_1_159' title='bbox 595 3759 752 3851; x_wconf 90' lang='lat' dir='ltr'>quadarn</span> <span class='ocrx_word' id='word_1_160' title='bbox 780 3782 835 3852; x_wconf 91' lang='lat' dir='ltr'>ap.</span> <span class='ocrx_word' id='word_1_161' title='bbox 864 3757 970 3830; x_wconf 86' lang='lat' dir='ltr'>Grut.</span> <span class='ocrx_word' id='word_1_162' title='bbox 1000 3755 1259 3848; x_wconf 83' lang='lat' dir='ltr'>CCCXLVII,</span> <span class='ocrx_word' id='word_1_163' title='bbox 1289 3759 1321 3831; x_wconf 89' lang='lat' dir='ltr'>l.</span> <span class='ocrx_word' id='word_1_164' title='bbox 1350 3756 1589 3853; x_wconf 81' lang='lat' dir='ltr'>Iguvinormn</span> <span class='ocrx_word' id='word_1_165' title='bbox 1624 3754 1842 3851; x_wconf 88' lang='lat' dir='ltr'>splendidis·</span> <span class='ocrx_word' id='word_1_166' title='bbox 1959 3791 1962 3798; x_wconf 94' lang='lat'>·</span> 
     </span>
    </p>
   </div>
   <div class='ocr_carea' id='block_1_6' title="bbox 110 3871 1844 4086">
    <p class='ocr_par' dir='ltr' id='par_1_6' title="bbox 110 3871 1844 4086">
     <span class='ocr_line' id='line_1_19' title="bbox 110 3871 1843 3969; baseline -0.002 -24"><span class='ocrx_word' id='word_1_167' title='bbox 110 3877 226 3946; x_wconf 89' lang='lat' dir='ltr'>simus</span> <span class='ocrx_word' id='word_1_168' title='bbox 253 3873 344 3943; x_wconf 93' lang='lat' dir='ltr'>ordo</span> <span class='ocrx_word' id='word_1_169' title='bbox 369 3872 513 3965; x_wconf 89' lang='lat' dir='ltr'>legitur,</span> <span class='ocrx_word' id='word_1_170' title='bbox 540 3873 663 3944; x_wconf 82' lang='lat' dir='ltr'>tabula</span> <span class='ocrx_word' id='word_1_171' title='bbox 688 3875 969 3968; x_wconf 85' lang='lat' dir='ltr'>Peutingeriana</span> <span class='ocrx_word' id='word_1_172' title='bbox 992 3875 1147 3968; x_wconf 87' lang='lat' dir='ltr'>figuram</span> <span class='ocrx_word' id='word_1_173' title='bbox 1182 3872 1311 3969; x_wconf 90' lang='lat' dir='ltr'>templi</span> <span class='ocrx_word' id='word_1_174' title='bbox 1344 3876 1505 3964; x_wconf 86' lang='lat' dir='ltr'>addidit,</span> <span class='ocrx_word' id='word_1_175' title='bbox 1530 3871 1639 3947; x_wconf 74' lang='lat' dir='ltr'>Joois</span> <span class='ocrx_word' id='word_1_176' title='bbox 1664 3871 1843 3946; x_wconf 80' lang='lat' dir='ltr'>Penniaua</span> 
     </span>
     <span class='ocr_line' id='line_1_20' title="bbox 111 3987 1844 4086; baseline -0.002 -26"><span class='ocrx_word' id='word_1_177' title='bbox 111 3992 287 4084; x_wconf 86' lang='lat' dir='ltr'>inscripti,</span> <span class='ocrx_word' id='word_1_178' title='bbox 324 4013 436 4084; x_wconf 88' lang='lat' dir='ltr'>quern</span> <span class='ocrx_word' id='word_1_179' title='bbox 469 3989 601 4060; x_wconf 87' lang='lat' dir='ltr'>Jovem</span> <span class='ocrx_word' id='word_1_180' title='bbox 626 3991 867 4085; x_wconf 87' lang='lat' dir='ltr'>Apenninum</span> <span class='ocrx_word' id='word_1_181' title='bbox 905 3990 1186 4084; x_wconf 87' lang='lat' dir='ltr'>intelligendum</span> <span class='ocrx_word' id='word_1_182' title='bbox 1220 4016 1298 4062; x_wconf 88' lang='lat' dir='ltr'>esse</span> <span class='ocrx_word' id='word_1_183' title='bbox 1331 3994 1436 4064; x_wconf 88' lang='lat' dir='ltr'>docet</span> <span class='ocrx_word' id='word_1_184' title='bbox 1474 3991 1663 4086; x_wconf 88' lang='lat' dir='ltr'>inscriptio</span> <span class='ocrx_word' id='word_1_185' title='bbox 1689 3987 1844 4082; x_wconf 89' lang='lat' dir='ltr'>Iguvina</span> 
     </span>
    </p>
   </div>
   <div class='ocr_carea' id='block_1_7' title="bbox 110 4100 1843 5024">
    <p class='ocr_par' dir='ltr' id='par_1_7' title="bbox 110 4100 1843 4790">
     <span class='ocr_line' id='line_1_21' title="bbox 110 4100 1843 4202; baseline -0.001 -25"><span class='ocrx_word' id='word_1_186' title='bbox 110 4134 167 4201; x_wconf 91' lang='lat' dir='ltr'>ap.</span> <span class='ocrx_word' id='word_1_187' title='bbox 193 4109 324 4178; x_wconf 84' lang='lat' dir='ltr'>blurat.</span> <span class='ocrx_word' id='word_1_188' title='bbox 352 4106 457 4195; x_wconf 88' lang='lat' dir='ltr'>VIII,</span> <span class='ocrx_word' id='word_1_189' title='bbox 483 4106 517 4180; x_wconf 88' lang='lat'>5.</span> <span class='ocrx_word' id='word_1_190' title='bbox 544 4108 676 4198; x_wconf 84' lang='lat' dir='ltr'>Maffej.</span> <span class='ocrx_word' id='word_1_191' title='bbox 705 4108 798 4178; x_wconf 83' lang='lat' dir='ltr'>Mus.</span> <span class='ocrx_word' id='word_1_192' title='bbox 825 4108 910 4180; x_wconf 85' lang='lat' dir='ltr'>Ver.</span> <span class='ocrx_word' id='word_1_193' title='bbox 929 4108 1107 4197; x_wconf 87' lang='lat' dir='ltr'>LXXIX,</span> <span class='ocrx_word' id='word_1_194' title='bbox 1133 4110 1167 4183; x_wconf 87' lang='grc'>5.</span> <span class='ocrx_word' id='word_1_195' title='bbox 1194 4100 1642 4202; x_wconf 67' lang='lat' dir='ltr'>JOVIIIAPENINOIIT.</span> <span class='ocrx_word' id='word_1_196' title='bbox 1669 4102 1843 4179; x_wconf 86' lang='lat' dir='ltr'>VIVIVS</span> 
     </span>
     <span class='ocr_line' id='line_1_22' title="bbox 111 4215 1843 4320; baseline -0.001 -26"><span class='ocrx_word' id='word_1_197' title='bbox 111 4215 739 4317; x_wconf 62' lang='lat' dir='ltr'>CARIIMOGENESIISVLPICIA</span> <span class='ocrx_word' id='word_1_198' title='bbox 781 4217 1135 4320; x_wconf 68' lang='lat' dir='ltr'>EVPHROIISYNE</span> <span class='ocrx_word' id='word_1_199' title='bbox 1180 4219 1357 4320; x_wconf 69' lang='lat' dir='ltr'>coruvll</span> <span class='ocrx_word' id='word_1_200' title='bbox 1368 4228 1414 4298; x_wconf 87' lang='lat' dir='ltr'>V.</span> <span class='ocrx_word' id='word_1_201' title='bbox 1458 4226 1495 4297; x_wconf 87' lang='lat' dir='ltr'>S.</span> <span class='ocrx_word' id='word_1_202' title='bbox 1531 4227 1577 4297; x_wconf 91' lang='lat' dir='ltr'>D.</span> <span class='ocrx_word' id='word_1_203' title='bbox 1614 4227 1660 4297; x_wconf 89' lang='lat' dir='ltr'>D.</span> <span class='ocrx_word' id='word_1_204' title='bbox 1721 4223 1843 4313; x_wconf 89' lang='lat' dir='ltr'>Hujus</span> 
     </span>
     <span class='ocr_line' id='line_1_23' title="bbox 110 4338 1843 4437; baseline -0.003 -24"><span class='ocrx_word' id='word_1_205' title='bbox 110 4340 253 4433; x_wconf 91' lang='lat' dir='ltr'>templi,</span> <span class='ocrx_word' id='word_1_206' title='bbox 279 4341 324 4409; x_wconf 93' lang='lat' dir='ltr'>ad</span> <span class='ocrx_word' id='word_1_207' title='bbox 345 4342 443 4434; x_wconf 92' lang='lat' dir='ltr'>quod</span> <span class='ocrx_word' id='word_1_208' title='bbox 470 4340 693 4413; x_wconf 87' lang='lat' dir='ltr'>Claudianus</span> <span class='ocrx_word' id='word_1_209' title='bbox 719 4344 765 4413; x_wconf 90' lang='lat' dir='ltr'>de</span> <span class='ocrx_word' id='word_1_210' title='bbox 792 4343 853 4414; x_wconf 90' lang='lat' dir='ltr'>VI.</span> <span class='ocrx_word' id='word_1_211' title='bbox 883 4366 953 4413; x_wconf 90' lang='lat' dir='ltr'>cos.</span> <span class='ocrx_word' id='word_1_212' title='bbox 975 4344 1192 4414; x_wconf 84' lang='lat' dir='ltr'>Honorii&#39;v.</span> <span class='ocrx_word' id='word_1_213' title='bbox 1219 4341 1293 4416; x_wconf 87' lang='grc'>504</span> <span class='ocrx_word' id='word_1_214' title='bbox 1320 4367 1371 4437; x_wconf 89' lang='lat' dir='ltr'>sq.</span> <span class='ocrx_word' id='word_1_215' title='bbox 1398 4342 1532 4433; x_wconf 85' lang='lat' dir='ltr'>allusit,</span> <span class='ocrx_word' id='word_1_216' title='bbox 1559 4351 1698 4412; x_wconf 83' lang='lat' dir='ltr'>exstant</span> <span class='ocrx_word' id='word_1_217' title='bbox 1723 4338 1843 4410; x_wconf 90' lang='lat' dir='ltr'>adhuc</span> 
     </span>
     <span class='ocr_line' id='line_1_24' title="bbox 110 4456 1843 4554; baseline 0 -28"><span class='ocrx_word' id='word_1_218' title='bbox 110 4458 252 4545; x_wconf 89' lang='lat' dir='ltr'>rudera,</span> <span class='ocrx_word' id='word_1_219' title='bbox 279 4459 354 4546; x_wconf 89' lang='lat' dir='ltr'>ubi,</span> <span class='ocrx_word' id='word_1_220' title='bbox 380 4468 469 4529; x_wconf 89' lang='lat' dir='ltr'>teste</span> <span class='ocrx_word' id='word_1_221' title='bbox 486 4456 672 4549; x_wconf 89' lang='lat' dir='ltr'>Conciolo‚</span> <span class='ocrx_word' id='word_1_222' title='bbox 699 4485 728 4531; x_wconf 92' lang='lat' dir='ltr'>a.</span> <span class='ocrx_word' id='word_1_223' title='bbox 754 4459 858 4532; x_wconf 90' lang='grc'><strong>1444.</strong></span> <span class='ocrx_word' id='word_1_224' title='bbox 883 4461 922 4530; x_wconf 92' lang='lat' dir='ltr'>in</span> <span class='ocrx_word' id='word_1_225' title='bbox 949 4462 1182 4531; x_wconf 89' lang='lat' dir='ltr'>subterranea</span> <span class='ocrx_word' id='word_1_226' title='bbox 1208 4461 1365 4554; x_wconf 86' lang='lat' dir='ltr'>quadam</span> <span class='ocrx_word' id='word_1_227' title='bbox 1392 4459 1724 4546; x_wconf 71' lang='lat' dir='ltr'>concameratione,</span> <span class='ocrx_word' id='word_1_228' title='bbox 1737 4456 1843 4528; x_wconf 87' lang='lat' dir='ltr'>miris</span> 
     </span>
     <span class='ocr_line' id='line_1_25' title="bbox 111 4555 1842 4672; baseline 0.001 -30"><span class='ocrx_word' id='word_1_229' title='bbox 111 4573 342 4645; x_wconf 89' lang='lat' dir='ltr'>emblematis</span> <span class='ocrx_word' id='word_1_230' title='bbox 375 4574 573 4664; x_wconf 87' lang='lat' dir='ltr'>tessellata,</span> <span class='ocrx_word' id='word_1_231' title='bbox 609 4576 816 4672; x_wconf 89' lang='lat' dir='ltr'>complures</span> <span class='ocrx_word' id='word_1_232' title='bbox 852 4576 994 4648; x_wconf 86' lang='lat' dir='ltr'>tabulae</span> <span class='ocrx_word' id='word_1_233' title='bbox 1028 4601 1157 4648; x_wconf 87' lang='lat' dir='ltr'>aeneae</span> <span class='ocrx_word' id='word_1_234' title='bbox 1193 4578 1351 4648; x_wconf 89' lang='lat' dir='ltr'>detectae</span> <span class='ocrx_word' id='word_1_235' title='bbox 1383 4555 1476 4667; x_wconf 87' lang='lat' dir='ltr'>sunt,</span> <span class='ocrx_word' id='word_1_236' title='bbox 1511 4599 1666 4671; x_wconf 91' lang='lat' dir='ltr'>quarum</span> <span class='ocrx_word' id='word_1_237' title='bbox 1701 4585 1842 4669; x_wconf 90' lang='lat' dir='ltr'>septem</span> 
     </span>
     <span class='ocr_line' id='line_1_26' title="bbox 111 4689 1716 4790; baseline 0.001 -30"><span class='ocrx_word' id='word_1_238' title='bbox 111 4692 352 4785; x_wconf 87' lang='lat' dir='ltr'>Dempsterus</span> <span class='ocrx_word' id='word_1_239' title='bbox 379 4694 418 4763; x_wconf 93' lang='lat' dir='ltr'>in</span> <span class='ocrx_word' id='word_1_240' title='bbox 445 4717 554 4788; x_wconf 90' lang='lat' dir='ltr'>opere</span> <span class='ocrx_word' id='word_1_241' title='bbox 580 4719 646 4764; x_wconf 89' lang='lat' dir='ltr'>suo</span> <span class='ocrx_word' id='word_1_242' title='bbox 672 4689 718 4764; x_wconf 83' lang='lat' dir='ltr'>de</span> <span class='ocrx_word' id='word_1_243' title='bbox 743 4691 908 4766; x_wconf 81' lang='lat' dir='ltr'>Etruria</span> <span class='ocrx_word' id='word_1_244' title='bbox 935 4691 1059 4790; x_wconf 81' lang='lat' dir='ltr'>reguli</span> <span class='ocrx_word' id='word_1_245' title='bbox 1084 4693 1129 4765; x_wconf 90' lang='lat' dir='ltr'>ad</span> <span class='ocrx_word' id='word_1_246' title='bbox 1156 4695 1266 4767; x_wconf 90' lang='lat' dir='ltr'>Tom.</span> <span class='ocrx_word' id='word_1_247' title='bbox 1294 4697 1322 4765; x_wconf 93' lang='lat' dir='ltr'>I.</span> <span class='ocrx_word' id='word_1_248' title='bbox 1348 4721 1428 4790; x_wconf 89' lang='lat' dir='ltr'>pag.</span> <span class='ocrx_word' id='word_1_249' title='bbox 1456 4695 1516 4770; x_wconf 86' lang='lat'>91.</span> <span class='ocrx_word' id='word_1_250' title='bbox 1543 4693 1716 4787; x_wconf 88' lang='lat' dir='ltr'>vulgavit.</span> 
     </span>
    </p>

    <p class='ocr_par' dir='ltr' id='par_1_8' title="bbox 111 4808 1842 5024">
     <span class='ocr_line' id='line_1_27' title="bbox 277 4808 1842 4913; baseline -0.001 -34"><span class='ocrx_word' id='word_1_251' title='bbox 277 4808 312 4880; x_wconf 89' lang='grc'>2.</span> <span class='ocrx_word' id='word_1_252' title='bbox 365 4809 507 4880; x_wconf 90' lang='lat' dir='ltr'>Harum</span> <span class='ocrx_word' id='word_1_253' title='bbox 534 4809 740 4881; x_wconf 87' lang='lat' dir='ltr'>tabularum</span> <span class='ocrx_word' id='word_1_254' title='bbox 765 4810 958 4913; x_wconf 88' lang='lat' dir='ltr'>historiam</span> <span class='ocrx_word' id='word_1_255' title='bbox 984 4835 1071 4882; x_wconf 90' lang='lat' dir='ltr'>cum</span> <span class='ocrx_word' id='word_1_256' title='bbox 1105 4812 1214 4882; x_wconf 85' lang='lat' dir='ltr'>variis</span> <span class='ocrx_word' id='word_1_257' title='bbox 1241 4813 1434 4884; x_wconf 90' lang='lat' dir='ltr'>doctorum</span> <span class='ocrx_word' id='word_1_258' title='bbox 1467 4813 1632 4883; x_wconf 90' lang='lat' dir='ltr'>virorum</span> <span class='ocrx_word' id='word_1_259' title='bbox 1666 4813 1842 4904; x_wconf 88' lang='lat' dir='ltr'>interpre-</span> 
     </span>
     <span class='ocr_line' id='line_1_28' title="bbox 111 4921 1842 5024; baseline 0.002 -29"><span class='ocrx_word' id='word_1_260' title='bbox 111 4926 212 4997; x_wconf 88' lang='lat' dir='ltr'>tandi</span> <span class='ocrx_word' id='word_1_261' title='bbox 238 4927 368 4998; x_wconf 88' lang='lat' dir='ltr'>studiis</span> <span class='ocrx_word' id='word_1_262' title='bbox 394 4927 578 5000; x_wconf 89' lang='lat' dir='ltr'>luculente</span> <span class='ocrx_word' id='word_1_263' title='bbox 603 4953 721 5023; x_wconf 92' lang='lat' dir='ltr'>nuper</span> <span class='ocrx_word' id='word_1_264' title='bbox 752 4930 919 5023; x_wconf 87' lang='lat' dir='ltr'>exposuit</span> <span class='ocrx_word' id='word_1_265' title='bbox 942 4928 1100 5024; x_wconf 86' lang='lat' dir='ltr'>Lepsius</span> <span class='ocrx_word' id='word_1_266' title='bbox 1136 4931 1173 5002; x_wconf 93' lang='lat' dir='ltr'>in</span> <span class='ocrx_word' id='word_1_267' title='bbox 1209 4930 1470 5003; x_wconf 82' lang='lat' dir='ltr'>dissertationis</span> <span class='ocrx_word' id='word_1_268' title='bbox 1504 4955 1589 5002; x_wconf 88' lang='lat' dir='ltr'>suae</span> <span class='ocrx_word' id='word_1_269' title='bbox 1621 4925 1667 5000; x_wconf 86' lang='lat' dir='ltr'>de</span> <span class='ocrx_word' id='word_1_270' title='bbox 1706 4921 1842 5000; x_wconf 75' lang='lat' dir='ltr'>rabolis</span> 
     </span>
    </p>
   </div>
   <div class='ocr_carea' id='block_1_8' title="bbox 0 0 2134 5722">
    <p class='ocr_par' dir='ltr' id='par_1_9' title="bbox 0 0 2134 5722">
     <span class='ocr_line' id='line_1_29' title="bbox 0 0 2134 5722; baseline 0 0"><span class='ocrx_word' id='word_1_271' title='bbox 0 0 2134 5722; x_wconf 95' lang='lat' dir='ltr'> </span> 
     </span>
    </p>
   </div>
  </div>
 </body>
</html>
