<?xml version="1.0" encoding="UTF-8"?>
<!DOCTYPE html PUBLIC "-//W3C//DTD XHTML 1.0 Transitional//EN"
    "http://www.w3.org/TR/xhtml1/DTD/xhtml1-transitional.dtd">
<html xmlns="http://www.w3.org/1999/xhtml" xml:lang="en" lang="en">
 <head>
  <title>
</title>
<meta http-equiv="Content-Type" content="text/html;charset=utf-8" />
  <meta name='ocr-system' content='tesseract 3.04.00' />
  <meta name='ocr-capabilities' content='ocr_page ocr_carea ocr_par ocr_line ocrx_word'/>
</head>
<body>
  <div class='ocr_page' id='page_1' title='image "./rudimentalingua00grotgoog_0128.png"; bbox 0 0 4244 5722; ppageno 0'>
   <div class='ocr_carea' id='block_1_1' title="bbox 881 597 1087 662">
    <p class='ocr_par' dir='ltr' id='par_1_1' title="bbox 881 597 1087 662">
     <span class='ocr_line' id='line_1_1' title="bbox 881 597 1087 662; baseline -0.01 -18"><span class='ocrx_word' id='word_1_1' title='bbox 881 597 1087 662; x_wconf 62' lang='lat' dir='ltr'>-sg-</span> 
     </span>
    </p>
   </div>
   <div class='ocr_carea' id='block_1_2' title="bbox 118 755 1842 2850">
    <p class='ocr_par' dir='ltr' id='par_1_2' title="bbox 118 755 1842 2850">
     <span class='ocr_line' id='line_1_2' title="bbox 206 755 1530 850; baseline -0.006 -23"><span class='ocrx_word' id='word_1_2' title='bbox 206 765 252 845; x_wconf 89' lang='lat' dir='ltr'>V,</span> <span class='ocrx_word' id='word_1_3' title='bbox 273 765 306 843; x_wconf 92' lang='lat' dir='ltr'>b,</span> <span class='ocrx_word' id='word_1_4' title='bbox 328 767 348 830; x_wconf 82' lang='grc'><strong>’1</strong></span> <span class='ocrx_word' id='word_1_5' title='bbox 369 783 415 844; x_wconf 84' lang='lat' dir='ltr'>sq.</span> <span class='ocrx_word' id='word_1_6' title='bbox 454 758 595 850; x_wconf 61' lang='lat' dir='ltr'>Abesse</span> <span class='ocrx_word' id='word_1_7' title='bbox 615 755 826 843; x_wconf 65' lang='lat' dir='ltr'>lcFeHoctls</span> <span class='ocrx_word' id='word_1_8' title='bbox 846 779 947 846; x_wconf 77' lang='grc' dir='ltr'><strong>φετε,</strong></span> <span class='ocrx_word' id='word_1_9' title='bbox 988 778 1024 825; x_wconf 85' lang='grc' dir='ltr'>σι</span> <span class='ocrx_word' id='word_1_10' title='bbox 1074 755 1217 845; x_wconf 64' lang='lat' dir='ltr'>arebam</span> <span class='ocrx_word' id='word_1_11' title='bbox 1241 757 1386 824; x_wconf 72' lang='lat' dir='ltr'>acram</span> <span class='ocrx_word' id='word_1_12' title='bbox 1412 773 1530 824; x_wconf 71' lang='lat' dir='ltr'>mesu.</span> 
     </span>
     <span class='ocr_line' id='line_1_3' title="bbox 451 878 1535 956; baseline -0.004 -16"><span class='ocrx_word' id='word_1_13' title='bbox 451 879 606 941; x_wconf 82' lang='lat' dir='ltr'>Arsmoni</span> <span class='ocrx_word' id='word_1_14' title='bbox 626 879 704 942; x_wconf 82' lang='lat' dir='ltr'>Jovi</span> <span class='ocrx_word' id='word_1_15' title='bbox 725 878 816 941; x_wconf 83' lang='lat' dir='ltr'>Petri</span> <span class='ocrx_word' id='word_1_16' title='bbox 835 879 955 956; x_wconf 80' lang='lat' dir='ltr'>tacito,</span> <span class='ocrx_word' id='word_1_17' title='bbox 976 897 1069 940; x_wconf 84' lang='lat' dir='ltr'>suem</span> <span class='ocrx_word' id='word_1_18' title='bbox 1089 887 1215 939; x_wconf 86' lang='lat' dir='ltr'>castum</span> <span class='ocrx_word' id='word_1_19' title='bbox 1236 887 1389 940; x_wconf 85' lang='lat' dir='ltr'>sanctum</span> <span class='ocrx_word' id='word_1_20' title='bbox 1406 879 1535 941; x_wconf 81' lang='lat' dir='ltr'>offerto.</span> 
     </span>
     <span class='ocr_line' id='line_1_4' title="bbox 204 990 1615 1082; baseline -0.006 -19"><span class='ocrx_word' id='word_1_21' title='bbox 204 1000 249 1078; x_wconf 89' lang='lat' dir='ltr'>V,</span> <span class='ocrx_word' id='word_1_22' title='bbox 271 1001 302 1073; x_wconf 91' lang='lat' dir='ltr'>h,</span> <span class='ocrx_word' id='word_1_23' title='bbox 325 1002 364 1063; x_wconf 85' lang='grc'>10</span> <span class='ocrx_word' id='word_1_24' title='bbox 375 1020 421 1082; x_wconf 86' lang='lat' dir='ltr'>sq.</span> <span class='ocrx_word' id='word_1_25' title='bbox 454 1000 593 1063; x_wconf 71' lang='lat' dir='ltr'>Facere</span> <span class='ocrx_word' id='word_1_26' title='bbox 634 995 716 1076; x_wconf 80' lang='grc' dir='ltr'><strong><em>Σαζι</em></strong></span> <span class='ocrx_word' id='word_1_27' title='bbox 777 1015 926 1077; x_wconf 68' lang='lat' dir='ltr'>nonme,</span> <span class='ocrx_word' id='word_1_28' title='bbox 984 991 1099 1080; x_wconf 56' lang='lat' dir='ltr'>amobe</span> <span class='ocrx_word' id='word_1_29' title='bbox 1140 990 1286 1078; x_wconf 62' lang='lat' dir='ltr'>uadum</span> <span class='ocrx_word' id='word_1_30' title='bbox 1323 992 1466 1060; x_wconf 74' lang='lat' dir='ltr'>anme</span> <span class='ocrx_word' id='word_1_31' title='bbox 1497 1011 1615 1058; x_wconf 66' lang='lat' dir='ltr'>eneae.</span> 
     </span>
     <span class='ocr_line' id='line_1_5' title="bbox 450 1111 1619 1201; baseline -0.005 -22"><span class='ocrx_word' id='word_1_32' title='bbox 450 1116 585 1201; x_wconf 84' lang='lat' dir='ltr'>Vapnto</span> <span class='ocrx_word' id='word_1_33' title='bbox 626 1111 732 1178; x_wconf 62' lang='lat' dir='ltr'>Sensi</span> <span class='ocrx_word' id='word_1_34' title='bbox 752 1115 953 1191; x_wconf 85' lang='lat' dir='ltr'>sacrificato,</span> <span class='ocrx_word' id='word_1_35' title='bbox 976 1133 1112 1198; x_wconf 86' lang='lat' dir='ltr'>caprum</span> <span class='ocrx_word' id='word_1_36' title='bbox 1154 1122 1280 1174; x_wconf 80' lang='lat' dir='ltr'>castum</span> <span class='ocrx_word' id='word_1_37' title='bbox 1321 1123 1469 1175; x_wconf 80' lang='lat' dir='ltr'>sanctum</span> <span class='ocrx_word' id='word_1_38' title='bbox 1491 1115 1619 1174; x_wconf 85' lang='lat' dir='ltr'>offerto.</span> 
     </span>
     <span class='ocr_line' id='line_1_6' title="bbox 204 1230 1257 1320; baseline -0.004 -22"><span class='ocrx_word' id='word_1_39' title='bbox 204 1237 249 1316; x_wconf 93' lang='lat' dir='ltr'>V,</span> <span class='ocrx_word' id='word_1_40' title='bbox 271 1258 301 1315; x_wconf 79' lang='lat' dir='ltr'>a,</span> <span class='ocrx_word' id='word_1_41' title='bbox 324 1240 364 1300; x_wconf 81' lang='lat'>10</span> <span class='ocrx_word' id='word_1_42' title='bbox 374 1257 421 1319; x_wconf 82' lang='lat' dir='ltr'>sq.</span> <span class='ocrx_word' id='word_1_43' title='bbox 452 1232 559 1298; x_wconf 71' lang='lat' dir='ltr'>Atre</span> <span class='ocrx_word' id='word_1_44' title='bbox 580 1230 712 1314; x_wconf 57' lang='grc' dir='ltr'>Μήτι]</span> <span class='ocrx_word' id='word_1_45' title='bbox 735 1234 802 1299; x_wconf 77' lang='lat' dir='ltr'>oFe</span> <span class='ocrx_word' id='word_1_46' title='bbox 823 1230 1142 1320; x_wconf 55' lang='lat' dir='ltr'>melanchonicus</span> <span class='ocrx_word' id='word_1_47' title='bbox 1163 1249 1257 1316; x_wconf 66' lang='lat' dir='ltr'>osce.</span> 
     </span>
     <span class='ocr_line' id='line_1_7' title="bbox 449 1351 1278 1433; baseline -0.004 -21"><span class='ocrx_word' id='word_1_48' title='bbox 449 1351 537 1414; x_wconf 83' lang='lat' dir='ltr'>Ahto</span> <span class='ocrx_word' id='word_1_49' title='bbox 577 1352 656 1414; x_wconf 86' lang='lat' dir='ltr'>Jovi</span> <span class='ocrx_word' id='word_1_50' title='bbox 739 1370 801 1413; x_wconf 84' lang='lat' dir='ltr'>ove</span> <span class='ocrx_word' id='word_1_51' title='bbox 863 1359 951 1412; x_wconf 83' lang='lat' dir='ltr'>casta</span> <span class='ocrx_word' id='word_1_52' title='bbox 1032 1369 1116 1433; x_wconf 88' lang='lat' dir='ltr'>pura</span> <span class='ocrx_word' id='word_1_53' title='bbox 1167 1351 1278 1410; x_wconf 82' lang='lat' dir='ltr'>facito.</span> 
     </span>
     <span class='ocr_line' id='line_1_8' title="bbox 205 1464 1201 1556; baseline -0.004 -24"><span class='ocrx_word' id='word_1_54' title='bbox 205 1471 248 1548; x_wconf 88' lang='lat' dir='ltr'>V,</span> <span class='ocrx_word' id='word_1_55' title='bbox 270 1491 300 1549; x_wconf 93' lang='lat' dir='ltr'>a,</span> <span class='ocrx_word' id='word_1_56' title='bbox 325 1475 419 1553; x_wconf 86' lang='lat' dir='ltr'>llsq.</span> <span class='ocrx_word' id='word_1_57' title='bbox 450 1467 557 1533; x_wconf 71' lang='lat' dir='ltr'>Alce</span> <span class='ocrx_word' id='word_1_58' title='bbox 598 1466 713 1556; x_wconf 63' lang='lat' dir='ltr'>Meta</span> <span class='ocrx_word' id='word_1_59' title='bbox 757 1464 882 1551; x_wconf 71' lang='grc' dir='ltr'><strong><em>αβρενυ</em></strong></span> <span class='ocrx_word' id='word_1_60' title='bbox 922 1464 1066 1554; x_wconf 65' lang='lat' dir='ltr'>arebam</span> <span class='ocrx_word' id='word_1_61' title='bbox 1107 1486 1201 1553; x_wconf 66' lang='lat' dir='ltr'>were.</span> 
     </span>
     <span class='ocr_line' id='line_1_9' title="bbox 448 1585 1208 1672; baseline -0.001 -24"><span class='ocrx_word' id='word_1_62' title='bbox 448 1585 535 1648; x_wconf 84' lang='lat' dir='ltr'>Ahto</span> <span class='ocrx_word' id='word_1_63' title='bbox 597 1586 704 1651; x_wconf 88' lang='lat' dir='ltr'>Marti</span> <span class='ocrx_word' id='word_1_64' title='bbox 745 1604 894 1672; x_wconf 78' lang='lat' dir='ltr'>aprugno</span> <span class='ocrx_word' id='word_1_65' title='bbox 947 1595 1035 1647; x_wconf 87' lang='lat' dir='ltr'>casto</span> <span class='ocrx_word' id='word_1_66' title='bbox 1097 1587 1208 1647; x_wconf 85' lang='lat' dir='ltr'>facito.</span> 
     </span>
     <span class='ocr_line' id='line_1_10' title="bbox 122 1697 1842 1789; baseline -0.003 -20"><span class='ocrx_word' id='word_1_67' title='bbox 122 1706 257 1769; x_wconf 83' lang='lat' dir='ltr'>Catulus</span> <span class='ocrx_word' id='word_1_68' title='bbox 278 1723 344 1765; x_wconf 90' lang='lat' dir='ltr'>uon</span> <span class='ocrx_word' id='word_1_69' title='bbox 366 1705 512 1768; x_wconf 83' lang='lat' dir='ltr'>Hecatae</span> <span class='ocrx_word' id='word_1_70' title='bbox 526 1704 640 1772; x_wconf 61' lang='lat' dir='ltr'>,solum</span> <span class='ocrx_word' id='word_1_71' title='bbox 661 1704 829 1765; x_wconf 86' lang='lat' dir='ltr'>immolari</span> <span class='ocrx_word' id='word_1_72' title='bbox 850 1703 977 1766; x_wconf 84' lang='lat' dir='ltr'>solebat</span> <span class='ocrx_word' id='word_1_73' title='bbox 997 1712 1096 1785; x_wconf 76' lang='lat' dir='ltr'>atque</span> <span class='ocrx_word' id='word_1_74' title='bbox 1116 1703 1293 1789; x_wconf 74' lang='lat' dir='ltr'>Robigini,</span> <span class='ocrx_word' id='word_1_75' title='bbox 1321 1700 1379 1764; x_wconf 86' lang='lat' dir='ltr'>ssd</span> <span class='ocrx_word' id='word_1_76' title='bbox 1404 1700 1458 1763; x_wconf 88' lang='lat' dir='ltr'>illi</span> <span class='ocrx_word' id='word_1_77' title='bbox 1479 1717 1609 1783; x_wconf 83' lang='lat' dir='ltr'>quoque</span> <span class='ocrx_word' id='word_1_78' title='bbox 1631 1697 1727 1778; x_wconf 87' lang='lat' dir='ltr'>deae,</span> <span class='ocrx_word' id='word_1_79' title='bbox 1759 1719 1842 1784; x_wconf 86' lang='lat' dir='ltr'>quae</span> 
     </span>
     <span class='ocr_line' id='line_1_11' title="bbox 121 1816 1840 1909; baseline -0.003 -22"><span class='ocrx_word' id='word_1_80' title='bbox 121 1823 207 1909; x_wconf 86' lang='lat' dir='ltr'>apud</span> <span class='ocrx_word' id='word_1_81' title='bbox 228 1822 443 1884; x_wconf 81' lang='lat' dir='ltr'>Plutarchum</span> <span class='ocrx_word' id='word_1_82' title='bbox 464 1822 502 1904; x_wconf 72' lang='lat' dir='ltr'>Q.</span> <span class='ocrx_word' id='word_1_83' title='bbox 526 1823 564 1885; x_wconf 87' lang='lat' dir='ltr'>R.</span> <span class='ocrx_word' id='word_1_84' title='bbox 585 1824 636 1887; x_wconf 98' lang='grc'>51.</span> <span class='ocrx_word' id='word_1_85' title='bbox 660 1820 815 1885; x_wconf 86' lang='lat' dir='ltr'>Genita</span> <span class='ocrx_word' id='word_1_86' title='bbox 836 1820 956 1883; x_wconf 83' lang='lat' dir='ltr'>Mena</span> <span class='ocrx_word' id='word_1_87' title='bbox 977 1819 1112 1882; x_wconf 86' lang='lat' dir='ltr'>dicitur.</span> <span class='ocrx_word' id='word_1_88' title='bbox 1154 1821 1252 1882; x_wconf 80' lang='lat' dir='ltr'>Hanc</span> <span class='ocrx_word' id='word_1_89' title='bbox 1273 1818 1367 1881; x_wconf 85' lang='lat' dir='ltr'>deam</span> <span class='ocrx_word' id='word_1_90' title='bbox 1382 1816 1568 1881; x_wconf 79' lang='lat' dir='ltr'><strong>Alexander</strong></span> <span class='ocrx_word' id='word_1_91' title='bbox 1588 1818 1628 1881; x_wconf 83' lang='lat' dir='ltr'>ab</span> <span class='ocrx_word' id='word_1_92' title='bbox 1642 1816 1840 1894; x_wconf 79' lang='lat' dir='ltr'>Alexandro,</span> 
     </span>
     <span class='ocr_line' id='line_1_12' title="bbox 121 1934 1841 2021; baseline -0.003 -16"><span class='ocrx_word' id='word_1_93' title='bbox 121 1941 246 2004; x_wconf 87' lang='lat' dir='ltr'>Genial.</span> <span class='ocrx_word' id='word_1_94' title='bbox 270 1939 311 2000; x_wconf 90' lang='lat' dir='ltr'>D.</span> <span class='ocrx_word' id='word_1_95' title='bbox 335 1939 395 2017; x_wconf 95' lang='lat' dir='ltr'>llI,</span> <span class='ocrx_word' id='word_1_96' title='bbox 418 1943 467 2004; x_wconf 94' lang='grc'>12.</span> <span class='ocrx_word' id='word_1_97' title='bbox 491 1950 524 2002; x_wconf 92' lang='lat' dir='ltr'>et</span> <span class='ocrx_word' id='word_1_98' title='bbox 545 1938 608 2018; x_wconf 91' lang='lat' dir='ltr'>VI,</span> <span class='ocrx_word' id='word_1_99' title='bbox 620 1940 664 2017; x_wconf 83' lang='grc'><strong>8.,</strong></span> <span class='ocrx_word' id='word_1_100' title='bbox 686 1958 759 2000; x_wconf 88' lang='lat' dir='ltr'>eam</span> <span class='ocrx_word' id='word_1_101' title='bbox 779 1938 885 2001; x_wconf 88' lang='lat' dir='ltr'>solam</span> <span class='ocrx_word' id='word_1_102' title='bbox 905 1940 948 2000; x_wconf 89' lang='lat' dir='ltr'>cb</span> <span class='ocrx_word' id='word_1_103' title='bbox 970 1958 1101 2003; x_wconf 86' lang='lat' dir='ltr'>oausam</span> <span class='ocrx_word' id='word_1_104' title='bbox 1121 1939 1246 2000; x_wconf 86' lang='lat' dir='ltr'>Bonam</span> <span class='ocrx_word' id='word_1_105' title='bbox 1266 1936 1361 2000; x_wconf 84' lang='lat' dir='ltr'>deam</span> <span class='ocrx_word' id='word_1_106' title='bbox 1381 1940 1639 2021; x_wconf 85' lang='lat' dir='ltr'>interpretatur,</span> <span class='ocrx_word' id='word_1_107' title='bbox 1661 1934 1750 2019; x_wconf 89' lang='lat' dir='ltr'>quod</span> <span class='ocrx_word' id='word_1_108' title='bbox 1770 1938 1841 2000; x_wconf 81' lang='grc' dir='ltr'>Γυ·</span> 
     </span>
     <span class='ocr_line' id='line_1_13' title="bbox 119 2053 1842 2146; baseline -0.006 -22"><span class='ocrx_word' id='word_1_109' title='bbox 119 2054 286 2146; x_wconf 75' lang='grc' dir='ltr'><strong><em>ναικείᾳ</em></strong></span> <span class='ocrx_word' id='word_1_110' title='bbox 317 2078 378 2143; x_wconf 89' lang='lat' dir='ltr'>pro</span> <span class='ocrx_word' id='word_1_111' title='bbox 400 2053 535 2143; x_wconf 77' lang='grc' dir='ltr'><strong><em>Γενείτῃ</em></strong></span> <span class='ocrx_word' id='word_1_112' title='bbox 563 2057 650 2143; x_wconf 90' lang='lat' dir='ltr'>apud</span> <span class='ocrx_word' id='word_1_113' title='bbox 671 2057 886 2120; x_wconf 75' lang='lat' dir='ltr'><strong>Plutarchum</strong></span> <span class='ocrx_word' id='word_1_114' title='bbox 917 2056 1092 2144; x_wconf 74' lang='lat' dir='ltr'>legendum</span> <span class='ocrx_word' id='word_1_115' title='bbox 1123 2059 1272 2140; x_wconf 75' lang='lat' dir='ltr'>putavit,</span> <span class='ocrx_word' id='word_1_116' title='bbox 1304 2054 1361 2118; x_wconf 83' lang='lat' dir='ltr'>sed</span> <span class='ocrx_word' id='word_1_117' title='bbox 1391 2053 1628 2119; x_wconf 81' lang='lat' dir='ltr'>emendandum</span> <span class='ocrx_word' id='word_1_118' title='bbox 1656 2065 1705 2116; x_wconf 84' lang='lat' dir='ltr'>est</span> <span class='ocrx_word' id='word_1_119' title='bbox 1732 2057 1842 2138; x_wconf 86' lang='lat' dir='ltr'>potius</span> 
     </span>
     <span class='ocr_line' id='line_1_14' title="bbox 119 2171 1839 2262; baseline -0.005 -22"><span class='ocrx_word' id='word_1_120' title='bbox 119 2172 364 2262; x_wconf 77' lang='grc' dir='ltr'><strong><em>Γενετείρᾳ,</em></strong></span> <span class='ocrx_word' id='word_1_121' title='bbox 386 2186 424 2238; x_wconf 93' lang='lat' dir='ltr'>ut</span> <span class='ocrx_word' id='word_1_122' title='bbox 444 2175 556 2237; x_wconf 84' lang='lat' dir='ltr'>Mater</span> <span class='ocrx_word' id='word_1_123' title='bbox 576 2175 706 2238; x_wconf 87' lang='lat' dir='ltr'>Matuta</span> <span class='ocrx_word' id='word_1_124' title='bbox 727 2175 936 2261; x_wconf 73' lang='lat' dir='ltr'>intelligatur</span> <span class='ocrx_word' id='word_1_125' title='bbox 956 2175 1027 2235; x_wconf 88' lang='lat' dir='ltr'>sive</span> <span class='ocrx_word' id='word_1_126' title='bbox 1047 2173 1256 2249; x_wconf 80' lang='lat' dir='ltr'>Leucothea,</span> <span class='ocrx_word' id='word_1_127' title='bbox 1280 2171 1347 2233; x_wconf 86' lang='lat' dir='ltr'>Cic.</span> <span class='ocrx_word' id='word_1_128' title='bbox 1372 2172 1413 2233; x_wconf 89' lang='lat' dir='ltr'>T.</span> <span class='ocrx_word' id='word_1_129' title='bbox 1437 2173 1475 2252; x_wconf 76' lang='lat' dir='ltr'>Q.</span> <span class='ocrx_word' id='word_1_130' title='bbox 1500 2172 1528 2250; x_wconf 92' lang='lat' dir='ltr'>l,</span> <span class='ocrx_word' id='word_1_131' title='bbox 1551 2177 1600 2238; x_wconf 83' lang='lat'>13.</span> <span class='ocrx_word' id='word_1_132' title='bbox 1623 2171 1718 2235; x_wconf 83' lang='lat' dir='ltr'>Ovid.</span> <span class='ocrx_word' id='word_1_133' title='bbox 1732 2173 1765 2232; x_wconf 83' lang='lat' dir='ltr'>P.</span> <span class='ocrx_word' id='word_1_134' title='bbox 1777 2171 1839 2248; x_wconf 91' lang='lat' dir='ltr'>VI,</span> 
     </span>
     <span class='ocr_line' id='line_1_15' title="bbox 118 2287 1839 2374; baseline -0.006 -12"><span class='ocrx_word' id='word_1_135' title='bbox 118 2300 189 2363; x_wconf 73' lang='lat'><strong>545.</strong></span> <span class='ocrx_word' id='word_1_136' title='bbox 224 2293 389 2356; x_wconf 79' lang='lat' dir='ltr'>Plutarch.</span> <span class='ocrx_word' id='word_1_137' title='bbox 414 2292 452 2373; x_wconf 78' lang='lat' dir='ltr'>Q.</span> <span class='ocrx_word' id='word_1_138' title='bbox 475 2292 511 2353; x_wconf 84' lang='grc'>11.</span> <span class='ocrx_word' id='word_1_139' title='bbox 537 2296 575 2358; x_wconf 88' lang='grc'>16</span> <span class='ocrx_word' id='word_1_140' title='bbox 592 2313 641 2373; x_wconf 85' lang='lat' dir='ltr'>sq.</span> <span class='ocrx_word' id='word_1_141' title='bbox 675 2290 807 2353; x_wconf 87' lang='lat' dir='ltr'>Camill.</span> <span class='ocrx_word' id='word_1_142' title='bbox 830 2294 885 2369; x_wconf 87' lang='lat'>5.‚</span> <span class='ocrx_word' id='word_1_143' title='bbox 918 2310 1016 2372; x_wconf 79' lang='lat' dir='ltr'>qnam</span> <span class='ocrx_word' id='word_1_144' title='bbox 1048 2289 1234 2352; x_wconf 80' lang='lat' dir='ltr'>Priscianus</span> <span class='ocrx_word' id='word_1_145' title='bbox 1255 2312 1286 2374; x_wconf 90' lang='lat' dir='ltr'>p.</span> <span class='ocrx_word' id='word_1_146' title='bbox 1309 2292 1379 2356; x_wconf 81' lang='grc'><strong>591.</strong></span> <span class='ocrx_word' id='word_1_147' title='bbox 1414 2287 1464 2350; x_wconf 89' lang='lat' dir='ltr'>ed.</span> <span class='ocrx_word' id='word_1_148' title='bbox 1492 2289 1627 2352; x_wconf 87' lang='lat' dir='ltr'>Putsch.</span> <span class='ocrx_word' id='word_1_149' title='bbox 1653 2289 1839 2351; x_wconf 74' lang='lat' dir='ltr'>Martianus</span> 
     </span>
     <span class='ocr_line' id='line_1_16' title="bbox 119 2403 1836 2497; baseline -0.007 -20"><span class='ocrx_word' id='word_1_150' title='bbox 119 2414 197 2497; x_wconf 85' lang='lat' dir='ltr'>Cap.</span> <span class='ocrx_word' id='word_1_151' title='bbox 221 2410 264 2472; x_wconf 91' lang='lat'>11.</span> <span class='ocrx_word' id='word_1_152' title='bbox 288 2409 316 2492; x_wconf 67' lang='lat'>§-</span> <span class='ocrx_word' id='word_1_153' title='bbox 341 2415 409 2476; x_wconf 82' lang='lat'>113.</span> <span class='ocrx_word' id='word_1_154' title='bbox 444 2419 478 2473; x_wconf 89' lang='lat' dir='ltr'>et</span> <span class='ocrx_word' id='word_1_155' title='bbox 496 2409 674 2471; x_wconf 89' lang='lat' dir='ltr'>Lucretius</span> <span class='ocrx_word' id='word_1_156' title='bbox 704 2409 750 2486; x_wconf 90' lang='lat' dir='ltr'>V,</span> <span class='ocrx_word' id='word_1_157' title='bbox 772 2410 843 2473; x_wconf 84' lang='grc'><strong>655.</strong></span> <span class='ocrx_word' id='word_1_158' title='bbox 875 2410 1040 2471; x_wconf 88' lang='lat' dir='ltr'>matutino</span> <span class='ocrx_word' id='word_1_159' title='bbox 1068 2411 1211 2492; x_wconf 77' lang='lat' dir='ltr'>tempori</span> <span class='ocrx_word' id='word_1_160' title='bbox 1232 2410 1490 2493; x_wconf 79' lang='lat' dir='ltr'>praefecerunt,</span> <span class='ocrx_word' id='word_1_161' title='bbox 1515 2410 1601 2469; x_wconf 91' lang='lat' dir='ltr'>sicut</span> <span class='ocrx_word' id='word_1_162' title='bbox 1620 2407 1781 2468; x_wconf 78' lang='lat' dir='ltr'>Horatius</span> <span class='ocrx_word' id='word_1_163' title='bbox 1802 2403 1836 2467; x_wconf 85' lang='lat' dir='ltr'>S.</span> 
     </span>
     <span class='ocr_line' id='line_1_17' title="bbox 118 2522 1837 2609; baseline -0.005 -17"><span class='ocrx_word' id='word_1_164' title='bbox 118 2532 163 2609; x_wconf 93' lang='lat' dir='ltr'>ll,</span> <span class='ocrx_word' id='word_1_165' title='bbox 185 2533 216 2607; x_wconf 90' lang='lat'>6,</span> <span class='ocrx_word' id='word_1_166' title='bbox 239 2533 288 2594; x_wconf 82' lang='lat'>2⁰.</span> <span class='ocrx_word' id='word_1_167' title='bbox 309 2529 438 2590; x_wconf 87' lang='lat' dir='ltr'>Janum.</span> <span class='ocrx_word' id='word_1_168' title='bbox 483 2527 582 2588; x_wconf 90' lang='lat' dir='ltr'>lllaa</span> <span class='ocrx_word' id='word_1_169' title='bbox 603 2546 718 2588; x_wconf 91' lang='lat' dir='ltr'>mane</span> <span class='ocrx_word' id='word_1_170' title='bbox 738 2544 802 2609; x_wconf 88' lang='lat' dir='ltr'>pro</span> <span class='ocrx_word' id='word_1_171' title='bbox 823 2527 985 2587; x_wconf 88' lang='lat' dir='ltr'>matutino</span> <span class='ocrx_word' id='word_1_172' title='bbox 1007 2535 1155 2609; x_wconf 85' lang='lat' dir='ltr'>tempore</span> <span class='ocrx_word' id='word_1_173' title='bbox 1178 2525 1233 2603; x_wconf 83' lang='lat' dir='ltr'>(cs.</span> <span class='ocrx_word' id='word_1_174' title='bbox 1256 2527 1367 2587; x_wconf 77' lang='lat' dir='ltr'>Fesms</span> <span class='ocrx_word' id='word_1_175' title='bbox 1395 2546 1419 2587; x_wconf 92' lang='lat' dir='ltr'>s.</span> <span class='ocrx_word' id='word_1_176' title='bbox 1441 2546 1473 2586; x_wconf 85' lang='lat' dir='ltr'>v.</span> <span class='ocrx_word' id='word_1_177' title='bbox 1497 2544 1660 2586; x_wconf 84' lang='lat' dir='ltr'>manare</span> <span class='ocrx_word' id='word_1_178' title='bbox 1688 2522 1837 2600; x_wconf 85' lang='lat' dir='ltr'>Solem)</span> 
     </span>
     <span class='ocr_line' id='line_1_18' title="bbox 118 2638 1838 2726; baseline -0.006 -17"><span class='ocrx_word' id='word_1_179' title='bbox 118 2650 238 2710; x_wconf 86' lang='lat' dir='ltr'>Maua</span> <span class='ocrx_word' id='word_1_180' title='bbox 270 2644 336 2706; x_wconf 91' lang='lat' dir='ltr'>dici</span> <span class='ocrx_word' id='word_1_181' title='bbox 368 2646 494 2726; x_wconf 90' lang='lat' dir='ltr'>potuit,</span> <span class='ocrx_word' id='word_1_182' title='bbox 527 2642 658 2705; x_wconf 81' lang='lat' dir='ltr'>diversa</span> <span class='ocrx_word' id='word_1_183' title='bbox 689 2663 709 2703; x_wconf 89' lang='lat' dir='ltr'>a</span> <span class='ocrx_word' id='word_1_184' title='bbox 739 2642 874 2703; x_wconf 87' lang='lat' dir='ltr'>Matre</span> <span class='ocrx_word' id='word_1_185' title='bbox 905 2641 1045 2702; x_wconf 90' lang='lat' dir='ltr'>Mania</span> <span class='ocrx_word' id='word_1_186' title='bbox 1077 2639 1163 2725; x_wconf 90' lang='lat' dir='ltr'>apud</span> <span class='ocrx_word' id='word_1_187' title='bbox 1184 2641 1388 2704; x_wconf 85' lang='lat' dir='ltr'>Martienum</span> <span class='ocrx_word' id='word_1_188' title='bbox 1411 2640 1488 2725; x_wconf 86' lang='lat' dir='ltr'>Cap.</span> <span class='ocrx_word' id='word_1_189' title='bbox 1513 2641 1555 2703; x_wconf 95' lang='lat' dir='ltr'>Il.</span> <span class='ocrx_word' id='word_1_190' title='bbox 1579 2642 1606 2725; x_wconf 76' lang='lat'>§.</span> <span class='ocrx_word' id='word_1_191' title='bbox 1631 2644 1700 2707; x_wconf 80' lang='grc'><strong>164.</strong></span> <span class='ocrx_word' id='word_1_192' title='bbox 1753 2638 1838 2701; x_wconf 86' lang='lat' dir='ltr'>Sane</span> 
     </span>
     <span class='ocr_line' id='line_1_19' title="bbox 118 2751 1838 2850; baseline -0.005 -23"><span class='ocrx_word' id='word_1_193' title='bbox 118 2761 354 2850; x_wconf 70' lang='grc' dir='ltr'><em>κρεματρθμ</em></span> <span class='ocrx_word' id='word_1_194' title='bbox 375 2761 419 2838; x_wconf 88' lang='lat' dir='ltr'>V,</span> <span class='ocrx_word' id='word_1_195' title='bbox 442 2781 473 2838; x_wconf 84' lang='lat' dir='ltr'>a,</span> <span class='ocrx_word' id='word_1_196' title='bbox 494 2764 543 2825; x_wconf 82' lang='lat'>23.</span> <span class='ocrx_word' id='word_1_197' title='bbox 568 2763 617 2824; x_wconf 91' lang='grc'><strong>26.</strong></span> <span class='ocrx_word' id='word_1_198' title='bbox 642 2763 691 2827; x_wconf 87' lang='grc'><strong>28.</strong></span> <span class='ocrx_word' id='word_1_199' title='bbox 725 2751 940 2846; x_wconf 77' lang='grc' dir='ltr'>(κριβανίτης)</span> <span class='ocrx_word' id='word_1_200' title='bbox 975 2761 1164 2821; x_wconf 85' lang='lat' dir='ltr'>testuatinm</span> <span class='ocrx_word' id='word_1_201' title='bbox 1196 2761 1267 2821; x_wconf 86' lang='lat' dir='ltr'>sive</span> <span class='ocrx_word' id='word_1_202' title='bbox 1295 2759 1401 2821; x_wconf 87' lang='lat' dir='ltr'>libum</span> <span class='ocrx_word' id='word_1_203' title='bbox 1428 2762 1464 2820; x_wconf 91' lang='lat' dir='ltr'>in</span> <span class='ocrx_word' id='word_1_204' title='bbox 1492 2769 1577 2821; x_wconf 87' lang='lat' dir='ltr'>testu</span> <span class='ocrx_word' id='word_1_205' title='bbox 1599 2758 1694 2819; x_wconf 90' lang='lat' dir='ltr'>caldo</span> <span class='ocrx_word' id='word_1_206' title='bbox 1717 2767 1838 2819; x_wconf 87' lang='lat' dir='ltr'>tostum</span> 
     </span>
    </p>
   </div>
   <div class='ocr_carea' id='block_1_3' title="bbox 116 2876 1837 3080">
    <p class='ocr_par' dir='ltr' id='par_1_3' title="bbox 116 2876 1837 3080">
     <span class='ocr_line' id='line_1_20' title="bbox 117 2876 1837 2977; baseline -0.006 -32"><span class='ocrx_word' id='word_1_207' title='bbox 117 2902 186 2945; x_wconf 84' lang='lat' dir='ltr'>esse</span> <span class='ocrx_word' id='word_1_208' title='bbox 206 2879 351 2957; x_wconf 75' lang='lat' dir='ltr'>videtur,</span> <span class='ocrx_word' id='word_1_209' title='bbox 374 2876 473 2961; x_wconf 82' lang='lat' dir='ltr'>quod,</span> <span class='ocrx_word' id='word_1_210' title='bbox 494 2878 649 2940; x_wconf 88' lang='lat' dir='ltr'>Varrone</span> <span class='ocrx_word' id='word_1_211' title='bbox 670 2877 710 2938; x_wconf 88' lang='lat' dir='ltr'>L.</span> <span class='ocrx_word' id='word_1_212' title='bbox 733 2877 774 2940; x_wconf 89' lang='lat' dir='ltr'>L.</span> <span class='ocrx_word' id='word_1_213' title='bbox 797 2877 840 2939; x_wconf 93' lang='lat' dir='ltr'>V.</span> <span class='ocrx_word' id='word_1_214' title='bbox 864 2877 892 2960; x_wconf 60' lang='grc' dir='ltr'><strong>ᾗ.</strong></span> <span class='ocrx_word' id='word_1_215' title='bbox 914 2882 982 2977; x_wconf 77' lang='lat' dir='ltr'>loti.</span> <span class='ocrx_word' id='word_1_216' title='bbox 1007 2888 1040 2939; x_wconf 88' lang='lat' dir='ltr'>et</span> <span class='ocrx_word' id='word_1_217' title='bbox 1061 2876 1157 2940; x_wconf 87' lang='lat' dir='ltr'>Ovid.</span> <span class='ocrx_word' id='word_1_218' title='bbox 1180 2878 1213 2940; x_wconf 85' lang='lat' dir='ltr'>F.</span> <span class='ocrx_word' id='word_1_219' title='bbox 1236 2877 1297 2955; x_wconf 95' lang='lat' dir='ltr'>VI,</span> <span class='ocrx_word' id='word_1_220' title='bbox 1319 2881 1389 2944; x_wconf 82' lang='grc'><strong>475.</strong></span> <span class='ocrx_word' id='word_1_221' title='bbox 1402 2881 1474 2944; x_wconf 84' lang='grc'><strong>531.</strong></span> <span class='ocrx_word' id='word_1_222' title='bbox 1498 2878 1646 2955; x_wconf 76' lang='lat' dir='ltr'>testibus,</span> <span class='ocrx_word' id='word_1_223' title='bbox 1668 2887 1837 2938; x_wconf 85' lang='lat' dir='ltr'>matronae</span> 
     </span>
     <span class='ocr_line' id='line_1_21' title="bbox 116 2992 1836 3080; baseline -0.005 -19"><span class='ocrx_word' id='word_1_224' title='bbox 116 2998 315 3061; x_wconf 83' lang='lat' dir='ltr'>Matralibus</span> <span class='ocrx_word' id='word_1_225' title='bbox 347 2997 525 3074; x_wconf 70' lang='lat' dir='ltr'>faciebant,</span> <span class='ocrx_word' id='word_1_226' title='bbox 558 3015 781 3077; x_wconf 80' lang='lat' dir='ltr'>quaecumque</span> <span class='ocrx_word' id='word_1_227' title='bbox 812 3014 892 3057; x_wconf 88' lang='lat' dir='ltr'>vcro</span> <span class='ocrx_word' id='word_1_228' title='bbox 916 2992 1033 3056; x_wconf 89' lang='lat' dir='ltr'>Cicero</span> <span class='ocrx_word' id='word_1_229' title='bbox 1064 2993 1104 3056; x_wconf 88' lang='lat' dir='ltr'>de</span> <span class='ocrx_word' id='word_1_230' title='bbox 1130 2995 1262 3079; x_wconf 87' lang='lat' dir='ltr'>harusp.</span> <span class='ocrx_word' id='word_1_231' title='bbox 1287 3014 1432 3080; x_wconf 88' lang='lat' dir='ltr'>respons.</span> <span class='ocrx_word' id='word_1_232' title='bbox 1457 2997 1507 3061; x_wconf 86' lang='grc'>17.</span> <span class='ocrx_word' id='word_1_233' title='bbox 1531 3006 1564 3058; x_wconf 87' lang='lat' dir='ltr'>et</span> <span class='ocrx_word' id='word_1_234' title='bbox 1585 2994 1780 3056; x_wconf 84' lang='lat' dir='ltr'>Plutarchus</span> <span class='ocrx_word' id='word_1_235' title='bbox 1802 2996 1836 3054; x_wconf 92' lang='lat' dir='ltr'>in</span> 
     </span>
    </p>
   </div>
   <div class='ocr_carea' id='block_1_4' title="bbox 106 3111 1834 4973">
    <p class='ocr_par' dir='ltr' id='par_1_4' title="bbox 115 3111 1834 3197">
     <span class='ocr_line' id='line_1_22' title="bbox 115 3111 1834 3197; baseline -0.003 -18"><span class='ocrx_word' id='word_1_236' title='bbox 115 3120 184 3179; x_wconf 86' lang='lat' dir='ltr'>vita</span> <span class='ocrx_word' id='word_1_237' title='bbox 197 3115 344 3178; x_wconf 82' lang='lat' dir='ltr'>Caesaris</span> <span class='ocrx_word' id='word_1_238' title='bbox 364 3114 394 3177; x_wconf 87' lang='lat'>9.</span> <span class='ocrx_word' id='word_1_239' title='bbox 418 3111 459 3174; x_wconf 89' lang='lat' dir='ltr'>de</span> <span class='ocrx_word' id='word_1_240' title='bbox 480 3114 589 3175; x_wconf 81' lang='lat' dir='ltr'>lionae</span> <span class='ocrx_word' id='word_1_241' title='bbox 610 3112 689 3175; x_wconf 89' lang='lat' dir='ltr'>deae</span> <span class='ocrx_word' id='word_1_242' title='bbox 710 3116 811 3175; x_wconf 83' lang='lat' dir='ltr'>sacris</span> <span class='ocrx_word' id='word_1_243' title='bbox 831 3115 1043 3197; x_wconf 89' lang='lat' dir='ltr'>scripserunt,</span> <span class='ocrx_word' id='word_1_244' title='bbox 1067 3132 1142 3173; x_wconf 92' lang='lat' dir='ltr'>cum</span> <span class='ocrx_word' id='word_1_245' title='bbox 1156 3112 1384 3177; x_wconf 85' lang='lat' dir='ltr'>HondaJovia</span> <span class='ocrx_word' id='word_1_246' title='bbox 1404 3114 1489 3175; x_wconf 88' lang='lat' dir='ltr'>nihil</span> <span class='ocrx_word' id='word_1_247' title='bbox 1512 3134 1685 3176; x_wconf 89' lang='lat' dir='ltr'>commune</span> <span class='ocrx_word' id='word_1_248' title='bbox 1705 3113 1834 3174; x_wconf 87' lang='lat' dir='ltr'>habent.</span> 
     </span>
    </p>

    <p class='ocr_par' dir='ltr' id='par_1_5' title="bbox 106 3229 1834 4973">
     <span class='ocr_line' id='line_1_23' title="bbox 281 3229 1834 3318; baseline -0.003 -22"><span class='ocrx_word' id='word_1_249' title='bbox 281 3235 329 3298; x_wconf 89' lang='grc'>15.</span> <span class='ocrx_word' id='word_1_250' title='bbox 362 3229 516 3293; x_wconf 84' lang='lat' dir='ltr'>Hondam</span> <span class='ocrx_word' id='word_1_251' title='bbox 526 3231 658 3293; x_wconf 85' lang='lat' dir='ltr'>Joviam</span> <span class='ocrx_word' id='word_1_252' title='bbox 674 3233 779 3318; x_wconf 83' lang='lat' dir='ltr'>igitur</span> <span class='ocrx_word' id='word_1_253' title='bbox 788 3231 933 3293; x_wconf 86' lang='lat' dir='ltr'>Matrem</span> <span class='ocrx_word' id='word_1_254' title='bbox 944 3230 1108 3291; x_wconf 89' lang='lat' dir='ltr'>Matutam</span> <span class='ocrx_word' id='word_1_255' title='bbox 1124 3233 1345 3315; x_wconf 88' lang='lat' dir='ltr'>interpretor,</span> <span class='ocrx_word' id='word_1_256' title='bbox 1368 3252 1465 3313; x_wconf 84' lang='lat' dir='ltr'>qnam</span> <span class='ocrx_word' id='word_1_257' title='bbox 1484 3231 1617 3314; x_wconf 82' lang='lat' dir='ltr'>quidem</span> <span class='ocrx_word' id='word_1_258' title='bbox 1633 3231 1834 3317; x_wconf 78' lang='lat' dir='ltr'>Augustinus</span> 
     </span>
     <span class='ocr_line' id='line_1_24' title="bbox 116 3346 1834 3434; baseline -0.003 -20"><span class='ocrx_word' id='word_1_259' title='bbox 116 3350 151 3414; x_wconf 86' lang='lat' dir='ltr'>C.</span> <span class='ocrx_word' id='word_1_260' title='bbox 163 3351 204 3413; x_wconf 91' lang='lat' dir='ltr'>D.</span> <span class='ocrx_word' id='word_1_261' title='bbox 216 3351 318 3428; x_wconf 82' lang='lat' dir='ltr'>1v‚e.</span> <span class='ocrx_word' id='word_1_262' title='bbox 341 3370 361 3411; x_wconf 85' lang='lat' dir='ltr'>a</span> <span class='ocrx_word' id='word_1_263' title='bbox 382 3347 466 3411; x_wconf 87' lang='lat' dir='ltr'>med.</span> <span class='ocrx_word' id='word_1_264' title='bbox 490 3346 554 3409; x_wconf 90' lang='lat' dir='ltr'>diis</span> <span class='ocrx_word' id='word_1_265' title='bbox 574 3349 758 3434; x_wconf 77' lang='lat' dir='ltr'>agrestibus</span> <span class='ocrx_word' id='word_1_266' title='bbox 778 3357 981 3426; x_wconf 87' lang='lat' dir='ltr'>annumerat,</span> <span class='ocrx_word' id='word_1_267' title='bbox 1003 3348 1165 3409; x_wconf 89' lang='lat' dir='ltr'>scribens:</span> <span class='ocrx_word' id='word_1_268' title='bbox 1188 3349 1447 3427; x_wconf 82' lang='lat' dir='ltr'>„Praefecerunt</span> <span class='ocrx_word' id='word_1_269' title='bbox 1455 3351 1650 3411; x_wconf 88' lang='lat' dir='ltr'>florentibus</span> <span class='ocrx_word' id='word_1_270' title='bbox 1661 3352 1834 3412; x_wconf 83' lang='lat' dir='ltr'>frumentis</span> 
     </span>
     <span class='ocr_line' id='line_1_25' title="bbox 115 3463 1834 3547; baseline -0.003 -16"><span class='ocrx_word' id='word_1_271' title='bbox 115 3468 209 3531; x_wconf 89' lang='lat' dir='ltr'>deam</span> <span class='ocrx_word' id='word_1_272' title='bbox 231 3469 403 3547; x_wconf 83' lang='lat' dir='ltr'>Floram,</span> <span class='ocrx_word' id='word_1_273' title='bbox 425 3466 676 3528; x_wconf 85' lang='lat' dir='ltr'>lactescentibus</span> <span class='ocrx_word' id='word_1_274' title='bbox 697 3463 793 3527; x_wconf 90' lang='lat' dir='ltr'>deum</span> <span class='ocrx_word' id='word_1_275' title='bbox 811 3466 1079 3544; x_wconf 82' lang='lat' dir='ltr'>Lecturuum,</span> <span class='ocrx_word' id='word_1_276' title='bbox 1100 3468 1392 3530; x_wconf 84' lang='lat' dir='ltr'>maturescentibus</span> <span class='ocrx_word' id='word_1_277' title='bbox 1414 3466 1507 3529; x_wconf 88' lang='lat' dir='ltr'>deam</span> <span class='ocrx_word' id='word_1_278' title='bbox 1528 3467 1736 3542; x_wconf 86' lang='lat' dir='ltr'>Matutam,</span> <span class='ocrx_word' id='word_1_279' title='bbox 1760 3488 1834 3527; x_wconf 88' lang='lat' dir='ltr'>cum</span> 
     </span>
     <span class='ocr_line' id='line_1_26' title="bbox 112 3581 1834 3668; baseline -0.002 -20"><span class='ocrx_word' id='word_1_280' title='bbox 112 3597 294 3648; x_wconf 87' lang='lat' dir='ltr'>runcantur</span> <span class='ocrx_word' id='word_1_281' title='bbox 315 3588 339 3647; x_wconf 92' lang='lat' dir='ltr'>i.</span> <span class='ocrx_word' id='word_1_282' title='bbox 362 3605 390 3646; x_wconf 90' lang='lat' dir='ltr'>e.</span> <span class='ocrx_word' id='word_1_283' title='bbox 413 3606 432 3646; x_wconf 85' lang='lat' dir='ltr'>a</span> <span class='ocrx_word' id='word_1_284' title='bbox 453 3596 543 3647; x_wconf 88' lang='lat' dir='ltr'>terra</span> <span class='ocrx_word' id='word_1_285' title='bbox 562 3586 778 3660; x_wconf 80' lang='lat' dir='ltr'>auferuntur,</span> <span class='ocrx_word' id='word_1_286' title='bbox 800 3581 896 3645; x_wconf 90' lang='lat' dir='ltr'>deam</span> <span class='ocrx_word' id='word_1_287' title='bbox 916 3583 1178 3644; x_wconf 86' lang='lat' dir='ltr'>Ruuciuam.“</span> <span class='ocrx_word' id='word_1_288' title='bbox 1219 3586 1240 3646; x_wconf 89' lang='lat' dir='ltr'><strong>J</strong></span> <span class='ocrx_word' id='word_1_289' title='bbox 1247 3588 1366 3647; x_wconf 73' lang='lat' dir='ltr'>oriae</span> <span class='ocrx_word' id='word_1_290' title='bbox 1388 3606 1508 3649; x_wconf 88' lang='lat' dir='ltr'>nomen</span> <span class='ocrx_word' id='word_1_291' title='bbox 1529 3589 1564 3646; x_wconf 94' lang='lat' dir='ltr'>in</span> <span class='ocrx_word' id='word_1_292' title='bbox 1586 3596 1702 3668; x_wconf 86' lang='lat' dir='ltr'>quarta</span> <span class='ocrx_word' id='word_1_293' title='bbox 1723 3584 1834 3646; x_wconf 86' lang='lat' dir='ltr'>tabula</span> 
     </span>
     <span class='ocr_line' id='line_1_27' title="bbox 112 3700 1832 3791; baseline -0.003 -25"><span class='ocrx_word' id='word_1_294' title='bbox 112 3707 188 3767; x_wconf 87' lang='lat' dir='ltr'>aliis</span> <span class='ocrx_word' id='word_1_295' title='bbox 210 3725 340 3787; x_wconf 85' lang='lat' dir='ltr'>quoque</span> <span class='ocrx_word' id='word_1_296' title='bbox 362 3702 481 3766; x_wconf 89' lang='lat' dir='ltr'>deabus</span> <span class='ocrx_word' id='word_1_297' title='bbox 503 3713 553 3766; x_wconf 90' lang='lat' dir='ltr'>est</span> <span class='ocrx_word' id='word_1_298' title='bbox 573 3700 733 3779; x_wconf 90' lang='lat' dir='ltr'>inditum,</span> <span class='ocrx_word' id='word_1_299' title='bbox 756 3702 790 3763; x_wconf 89' lang='lat' dir='ltr'><strong>H</strong></span> <span class='ocrx_word' id='word_1_300' title='bbox 797 3700 926 3763; x_wconf 86' lang='lat' dir='ltr'>cudae</span> <span class='ocrx_word' id='word_1_301' title='bbox 945 3721 1027 3764; x_wconf 83' lang='lat' dir='ltr'>vero</span> <span class='ocrx_word' id='word_1_302' title='bbox 1049 3704 1182 3764; x_wconf 90' lang='lat' dir='ltr'>nomine</span> <span class='ocrx_word' id='word_1_303' title='bbox 1202 3702 1315 3790; x_wconf 80' lang='lat' dir='ltr'>largus</span> <span class='ocrx_word' id='word_1_304' title='bbox 1336 3706 1470 3791; x_wconf 76' lang='lat' dir='ltr'>frugum</span> <span class='ocrx_word' id='word_1_305' title='bbox 1491 3714 1670 3789; x_wconf 87' lang='lat' dir='ltr'>proventus</span> <span class='ocrx_word' id='word_1_306' title='bbox 1692 3701 1832 3762; x_wconf 86' lang='lat' dir='ltr'>indicari</span> 
     </span>
     <span class='ocr_line' id='line_1_28' title="bbox 112 3818 1831 3903; baseline -0.004 -17"><span class='ocrx_word' id='word_1_307' title='bbox 112 3821 256 3886; x_wconf 85' lang='lat' dir='ltr'>videtur.</span> <span class='ocrx_word' id='word_1_308' title='bbox 300 3821 411 3903; x_wconf 76' lang='lat' dir='ltr'>Quum</span> <span class='ocrx_word' id='word_1_309' title='bbox 432 3823 520 3883; x_wconf 88' lang='lat' dir='ltr'>enim</span> <span class='ocrx_word' id='word_1_310' title='bbox 541 3819 675 3882; x_wconf 86' lang='lat' dir='ltr'>hou-du</span> <span class='ocrx_word' id='word_1_311' title='bbox 696 3820 817 3883; x_wconf 90' lang='lat' dir='ltr'>holtu</span> <span class='ocrx_word' id='word_1_312' title='bbox 837 3818 899 3897; x_wconf 92' lang='lat' dir='ltr'>VI,</span> <span class='ocrx_word' id='word_1_313' title='bbox 921 3839 950 3897; x_wconf 91' lang='lat' dir='ltr'>a,</span> <span class='ocrx_word' id='word_1_314' title='bbox 972 3824 1022 3884; x_wconf 88' lang='grc'>60.</span> <span class='ocrx_word' id='word_1_315' title='bbox 1046 3819 1125 3897; x_wconf 91' lang='lat' dir='ltr'>VII,</span> <span class='ocrx_word' id='word_1_316' title='bbox 1148 3840 1179 3897; x_wconf 85' lang='lat' dir='ltr'>a,</span> <span class='ocrx_word' id='word_1_317' title='bbox 1201 3822 1251 3885; x_wconf 63' lang='lat'>492</span> <span class='ocrx_word' id='word_1_318' title='bbox 1280 3823 1368 3883; x_wconf 89' lang='lat' dir='ltr'>inter</span> <span class='ocrx_word' id='word_1_319' title='bbox 1388 3823 1591 3884; x_wconf 86' lang='lat' dir='ltr'>calamitates</span> <span class='ocrx_word' id='word_1_320' title='bbox 1612 3839 1831 3883; x_wconf 86' lang='lat' dir='ltr'>averruncan-</span> 
     </span>
     <span class='ocr_line' id='line_1_29' title="bbox 112 3936 1831 4027; baseline -0.002 -25"><span class='ocrx_word' id='word_1_321' title='bbox 112 3939 180 4019; x_wconf 89' lang='lat' dir='ltr'>das,</span> <span class='ocrx_word' id='word_1_322' title='bbox 209 3941 381 4027; x_wconf 79' lang='lat' dir='ltr'>angluto</span> <span class='ocrx_word' id='word_1_323' title='bbox 403 3937 612 4002; x_wconf 91' lang='lat' dir='ltr'>hondomu</span> <span class='ocrx_word' id='word_1_324' title='bbox 632 3948 713 4002; x_wconf 80' lang='lat' dir='ltr'>vero</span> <span class='ocrx_word' id='word_1_325' title='bbox 736 3937 798 4016; x_wconf 94' lang='lat' dir='ltr'>VI,</span> <span class='ocrx_word' id='word_1_326' title='bbox 821 3937 853 4015; x_wconf 93' lang='lat' dir='ltr'>b,</span> <span class='ocrx_word' id='word_1_327' title='bbox 876 3941 926 4001; x_wconf 82' lang='lat'>1⁰.</span> <span class='ocrx_word' id='word_1_328' title='bbox 949 3947 1104 4020; x_wconf 87' lang='lat' dir='ltr'>tanquam</span> <span class='ocrx_word' id='word_1_329' title='bbox 1126 3938 1250 4000; x_wconf 88' lang='lat' dir='ltr'>laetum</span> <span class='ocrx_word' id='word_1_330' title='bbox 1270 3941 1449 4025; x_wconf 76' lang='lat' dir='ltr'>augurium</span> <span class='ocrx_word' id='word_1_331' title='bbox 1470 3942 1630 4025; x_wconf 76' lang='lat' dir='ltr'>scriptum</span> <span class='ocrx_word' id='word_1_332' title='bbox 1650 3940 1711 4016; x_wconf 89' lang='lat' dir='ltr'>sit,</span> <span class='ocrx_word' id='word_1_333' title='bbox 1744 3936 1831 4016; x_wconf 87' lang='lat' dir='ltr'>adje-</span> 
     </span>
     <span class='ocr_line' id='line_1_30' title="bbox 111 4047 1832 4139; baseline -0.001 -19"><span class='ocrx_word' id='word_1_334' title='bbox 111 4061 237 4120; x_wconf 88' lang='lat' dir='ltr'>ctivum</span> <span class='ocrx_word' id='word_1_335' title='bbox 258 4057 348 4121; x_wconf 91' lang='lat' dir='ltr'>istud</span> <span class='ocrx_word' id='word_1_336' title='bbox 368 4061 456 4121; x_wconf 90' lang='lat' dir='ltr'>etin</span> <span class='ocrx_word' id='word_1_337' title='bbox 477 4057 596 4119; x_wconf 87' lang='lat' dir='ltr'>malam</span> <span class='ocrx_word' id='word_1_338' title='bbox 616 4059 704 4118; x_wconf 89' lang='lat' dir='ltr'>etin</span> <span class='ocrx_word' id='word_1_339' title='bbox 725 4055 844 4117; x_wconf 84' lang='lat' dir='ltr'>bonam</span> <span class='ocrx_word' id='word_1_340' title='bbox 865 4066 993 4139; x_wconf 87' lang='lat' dir='ltr'>partem</span> <span class='ocrx_word' id='word_1_341' title='bbox 1014 4058 1121 4138; x_wconf 85' lang='lat' dir='ltr'>accipi</span> <span class='ocrx_word' id='word_1_342' title='bbox 1140 4058 1260 4139; x_wconf 88' lang='lat' dir='ltr'>potuit,</span> <span class='ocrx_word' id='word_1_343' title='bbox 1282 4066 1320 4118; x_wconf 93' lang='lat' dir='ltr'>ut</span> <span class='ocrx_word' id='word_1_344' title='bbox 1330 4055 1533 4120; x_wconf 87' lang='lat' dir='ltr'>Graecorum</span> <span class='ocrx_word' id='word_1_345' title='bbox 1545 4056 1707 4136; x_wconf 87' lang='lat' dir='ltr'>adjectiva</span> <span class='ocrx_word' id='word_1_346' title='bbox 1720 4047 1832 4130; x_wconf 80' lang='grc' dir='ltr'><strong><em>ἄδινός</em></strong></span> 
     </span>
     <span class='ocr_line' id='line_1_31' title="bbox 110 4168 1830 4263; baseline -0.002 -25"><span class='ocrx_word' id='word_1_347' title='bbox 110 4186 144 4239; x_wconf 89' lang='lat' dir='ltr'>et</span> <span class='ocrx_word' id='word_1_348' title='bbox 164 4169 273 4263; x_wconf 78' lang='grc' dir='ltr'><strong>ἁδρός.</strong></span> <span class='ocrx_word' id='word_1_349' title='bbox 317 4177 386 4238; x_wconf 87' lang='lat' dir='ltr'>Etsi</span> <span class='ocrx_word' id='word_1_350' title='bbox 407 4179 511 4263; x_wconf 82' lang='lat' dir='ltr'>igitur</span> <span class='ocrx_word' id='word_1_351' title='bbox 530 4175 642 4237; x_wconf 77' lang='lat' dir='ltr'>verbis</span> <span class='ocrx_word' id='word_1_352' title='bbox 663 4172 799 4236; x_wconf 89' lang='lat' dir='ltr'>hondu</span> <span class='ocrx_word' id='word_1_353' title='bbox 819 4173 939 4236; x_wconf 89' lang='lat' dir='ltr'>holtu</span> <span class='ocrx_word' id='word_1_354' title='bbox 959 4175 1062 4235; x_wconf 88' lang='lat' dir='ltr'>nimia</span> <span class='ocrx_word' id='word_1_355' title='bbox 1083 4171 1273 4260; x_wconf 80' lang='lat' dir='ltr'>designatur</span> <span class='ocrx_word' id='word_1_356' title='bbox 1293 4178 1454 4257; x_wconf 82' lang='lat' dir='ltr'>apricatio</span> <span class='ocrx_word' id='word_1_357' title='bbox 1475 4178 1545 4238; x_wconf 88' lang='lat' dir='ltr'>sive</span> <span class='ocrx_word' id='word_1_358' title='bbox 1567 4168 1717 4260; x_wconf 72' lang='grc' dir='ltr'>ἡλίωσις,</span> <span class='ocrx_word' id='word_1_359' title='bbox 1743 4172 1830 4235; x_wconf 87' lang='lat' dir='ltr'>unde</span> 
     </span>
     <span class='ocr_line' id='line_1_32' title="bbox 109 4290 1828 4379; baseline 0 -25"><span class='ocrx_word' id='word_1_360' title='bbox 109 4294 287 4357; x_wconf 90' lang='lat' dir='ltr'>solatum</span> <span class='ocrx_word' id='word_1_361' title='bbox 318 4294 427 4355; x_wconf 91' lang='lat' dir='ltr'>morbi</span> <span class='ocrx_word' id='word_1_362' title='bbox 458 4312 560 4379; x_wconf 82' lang='lat' dir='ltr'>genus</span> <span class='ocrx_word' id='word_1_363' title='bbox 591 4290 769 4354; x_wconf 88' lang='lat' dir='ltr'>secundum</span> <span class='ocrx_word' id='word_1_364' title='bbox 790 4292 918 4353; x_wconf 87' lang='lat' dir='ltr'>Festum</span> <span class='ocrx_word' id='word_1_365' title='bbox 949 4303 1048 4374; x_wconf 83' lang='lat' dir='ltr'>atque</span> <span class='ocrx_word' id='word_1_366' title='bbox 1065 4291 1211 4354; x_wconf 87' lang='lat' dir='ltr'>Plinium</span> <span class='ocrx_word' id='word_1_367' title='bbox 1242 4293 1287 4359; x_wconf 91' lang='lat' dir='ltr'>H.</span> <span class='ocrx_word' id='word_1_368' title='bbox 1315 4292 1358 4358; x_wconf 90' lang='lat' dir='ltr'>N.</span> <span class='ocrx_word' id='word_1_369' title='bbox 1386 4291 1512 4373; x_wconf 89' lang='lat' dir='ltr'>XXIX,</span> <span class='ocrx_word' id='word_1_370' title='bbox 1534 4299 1564 4360; x_wconf 90' lang='grc'><strong>6.</strong></span> <span class='ocrx_word' id='word_1_371' title='bbox 1604 4293 1828 4368; x_wconf 77' lang='lat' dir='ltr'>contrahitur,</span> 
     </span>
     <span class='ocr_line' id='line_1_33' title="bbox 112 4409 1830 4492; baseline 0.001 -17"><span class='ocrx_word' id='word_1_372' title='bbox 112 4413 257 4476; x_wconf 72' lang='lat' dir='ltr'>laerta</span> <span class='ocrx_word' id='word_1_373' title='bbox 278 4423 386 4474; x_wconf 81' lang='lat' dir='ltr'>tamen</span> <span class='ocrx_word' id='word_1_374' title='bbox 407 4412 453 4489; x_wconf 93' lang='lat' dir='ltr'>V,</span> <span class='ocrx_word' id='word_1_375' title='bbox 475 4432 505 4488; x_wconf 90' lang='lat' dir='ltr'>a,</span> <span class='ocrx_word' id='word_1_376' title='bbox 528 4414 577 4477; x_wconf 85' lang='grc'>15.</span> <span class='ocrx_word' id='word_1_377' title='bbox 602 4415 662 4490; x_wconf 77' lang='lat'>17,</span> <span class='ocrx_word' id='word_1_378' title='bbox 684 4421 723 4472; x_wconf 89' lang='lat' dir='ltr'>ut</span> <span class='ocrx_word' id='word_1_379' title='bbox 742 4411 774 4474; x_wconf 84' lang='lat' dir='ltr'><em>F</em></span> <span class='ocrx_word' id='word_1_380' title='bbox 777 4429 916 4474; x_wconf 80' lang='lat' dir='ltr'>arcera</span> <span class='ocrx_word' id='word_1_381' title='bbox 944 4411 988 4489; x_wconf 94' lang='lat' dir='ltr'>V,</span> <span class='ocrx_word' id='word_1_382' title='bbox 1010 4412 1043 4490; x_wconf 92' lang='lat' dir='ltr'>b,</span> <span class='ocrx_word' id='word_1_383' title='bbox 1060 4416 1127 4490; x_wconf 61' lang='lat'>13„</span> <span class='ocrx_word' id='word_1_384' title='bbox 1150 4410 1237 4474; x_wconf 88' lang='lat' dir='ltr'>unde</span> <span class='ocrx_word' id='word_1_385' title='bbox 1256 4409 1339 4492; x_wconf 80' lang='grc' dir='ltr'><strong><em>Σαζι</em></strong></span> <span class='ocrx_word' id='word_1_386' title='bbox 1359 4410 1420 4474; x_wconf 87' lang='lat' dir='ltr'>deo</span> <span class='ocrx_word' id='word_1_387' title='bbox 1441 4413 1486 4490; x_wconf 90' lang='lat' dir='ltr'>V,</span> <span class='ocrx_word' id='word_1_388' title='bbox 1508 4412 1540 4491; x_wconf 92' lang='lat' dir='ltr'>b,</span> <span class='ocrx_word' id='word_1_389' title='bbox 1563 4416 1602 4475; x_wconf 86' lang='grc'>16</span> <span class='ocrx_word' id='word_1_390' title='bbox 1624 4422 1657 4473; x_wconf 89' lang='lat' dir='ltr'>et</span> <span class='ocrx_word' id='word_1_391' title='bbox 1678 4415 1725 4477; x_wconf 83' lang='lat'>17.</span> <span class='ocrx_word' id='word_1_392' title='bbox 1750 4413 1830 4476; x_wconf 75' lang='lat' dir='ltr'>Fa-</span> 
     </span>
     <span class='ocr_line' id='line_1_34' title="bbox 108 4527 1828 4616; baseline -0.001 -23"><span class='ocrx_word' id='word_1_393' title='bbox 108 4549 219 4594; x_wconf 67' lang='lat' dir='ltr'>cere</span> <span class='ocrx_word' id='word_1_394' title='bbox 251 4551 370 4594; x_wconf 91' lang='lat' dir='ltr'>nomen</span> <span class='ocrx_word' id='word_1_395' title='bbox 401 4527 547 4607; x_wconf 90' lang='lat' dir='ltr'>inditur,</span> <span class='ocrx_word' id='word_1_396' title='bbox 579 4547 617 4590; x_wconf 88' lang='lat' dir='ltr'>ea</span> <span class='ocrx_word' id='word_1_397' title='bbox 638 4530 816 4616; x_wconf 80' lang='lat' dir='ltr'>significet,</span> <span class='ocrx_word' id='word_1_398' title='bbox 849 4549 931 4611; x_wconf 86' lang='lat' dir='ltr'>quae</span> <span class='ocrx_word' id='word_1_399' title='bbox 956 4531 1103 4590; x_wconf 90' lang='lat' dir='ltr'>numinis</span> <span class='ocrx_word' id='word_1_400' title='bbox 1130 4532 1278 4591; x_wconf 86' lang='lat' dir='ltr'>favorem</span> <span class='ocrx_word' id='word_1_401' title='bbox 1306 4532 1496 4594; x_wconf 83' lang='lat' dir='ltr'>conciliant.</span> <span class='ocrx_word' id='word_1_402' title='bbox 1548 4531 1638 4592; x_wconf 84' lang='lat' dir='ltr'>Hinc</span> <span class='ocrx_word' id='word_1_403' title='bbox 1657 4528 1828 4592; x_wconf 89' lang='lat' dir='ltr'>Houdus</span> 
     </span>
     <span class='ocr_line' id='line_1_35' title="bbox 106 4643 1828 4733; baseline 0 -23"><span class='ocrx_word' id='word_1_404' title='bbox 106 4643 287 4711; x_wconf 67' lang='lat' dir='ltr'>*Scriins</span> <span class='ocrx_word' id='word_1_405' title='bbox 318 4651 353 4710; x_wconf 90' lang='lat' dir='ltr'>in</span> <span class='ocrx_word' id='word_1_406' title='bbox 375 4658 492 4730; x_wconf 87' lang='lat' dir='ltr'>quarta</span> <span class='ocrx_word' id='word_1_407' title='bbox 519 4647 648 4725; x_wconf 84' lang='lat' dir='ltr'>tabula,</span> <span class='ocrx_word' id='word_1_408' title='bbox 680 4648 716 4707; x_wconf 92' lang='lat' dir='ltr'>in</span> <span class='ocrx_word' id='word_1_409' title='bbox 736 4667 800 4728; x_wconf 83' lang='lat' dir='ltr'>qua</span> <span class='ocrx_word' id='word_1_410' title='bbox 821 4647 960 4729; x_wconf 85' lang='lat' dir='ltr'>reliquis</span> <span class='ocrx_word' id='word_1_411' title='bbox 981 4649 1133 4709; x_wconf 89' lang='lat' dir='ltr'>omnibus</span> <span class='ocrx_word' id='word_1_412' title='bbox 1161 4646 1242 4724; x_wconf 90' lang='lat' dir='ltr'>diis,</span> <span class='ocrx_word' id='word_1_413' title='bbox 1275 4650 1393 4730; x_wconf 84' lang='lat' dir='ltr'>quibus</span> <span class='ocrx_word' id='word_1_414' title='bbox 1413 4653 1448 4710; x_wconf 93' lang='lat' dir='ltr'>in</span> <span class='ocrx_word' id='word_1_415' title='bbox 1470 4652 1585 4733; x_wconf 87' lang='lat' dir='ltr'>quinta</span> <span class='ocrx_word' id='word_1_416' title='bbox 1605 4650 1716 4712; x_wconf 86' lang='lat' dir='ltr'>tabula</span> <span class='ocrx_word' id='word_1_417' title='bbox 1737 4669 1828 4710; x_wconf 86' lang='lat' dir='ltr'>sacra</span> 
     </span>
     <span class='ocr_line' id='line_1_36' title="bbox 107 4761 1827 4850; baseline 0 -23"><span class='ocrx_word' id='word_1_418' title='bbox 107 4765 203 4843; x_wconf 79' lang='lat' dir='ltr'>fiunt,</span> <span class='ocrx_word' id='word_1_419' title='bbox 225 4765 418 4828; x_wconf 83' lang='lat' dir='ltr'>Arsmcui</span> <span class='ocrx_word' id='word_1_420' title='bbox 438 4767 460 4830; x_wconf 87' lang='lat' dir='ltr'><strong>J</strong></span> <span class='ocrx_word' id='word_1_421' title='bbox 468 4768 536 4829; x_wconf 79' lang='lat' dir='ltr'>ori</span> <span class='ocrx_word' id='word_1_422' title='bbox 556 4765 685 4844; x_wconf 90' lang='lat' dir='ltr'>Patri,</span> <span class='ocrx_word' id='word_1_423' title='bbox 706 4764 875 4850; x_wconf 86' lang='lat' dir='ltr'>Vapnto</span> <span class='ocrx_word' id='word_1_424' title='bbox 896 4761 1031 4844; x_wconf 68' lang='lat' dir='ltr'>Sausi,</span> <span class='ocrx_word' id='word_1_425' title='bbox 1053 4764 1160 4827; x_wconf 84' lang='lat' dir='ltr'>Ahto</span> <span class='ocrx_word' id='word_1_426' title='bbox 1180 4765 1288 4844; x_wconf 87' lang='lat' dir='ltr'>Jovi,</span> <span class='ocrx_word' id='word_1_427' title='bbox 1310 4765 1411 4829; x_wconf 84' lang='lat' dir='ltr'>Ahto</span> <span class='ocrx_word' id='word_1_428' title='bbox 1431 4767 1560 4831; x_wconf 86' lang='lat' dir='ltr'>Marti</span> <span class='ocrx_word' id='word_1_429' title='bbox 1581 4769 1647 4829; x_wconf 87' lang='lat' dir='ltr'>alia</span> <span class='ocrx_word' id='word_1_430' title='bbox 1668 4766 1827 4850; x_wconf 80' lang='lat' dir='ltr'>quaedam</span> 
     </span>
     <span class='ocr_line' id='line_1_37' title="bbox 106 4881 1826 4973; baseline 0.001 -28"><span class='ocrx_word' id='word_1_431' title='bbox 106 4887 305 4971; x_wconf 75' lang='lat' dir='ltr'>cognomina</span> <span class='ocrx_word' id='word_1_432' title='bbox 335 4883 446 4947; x_wconf 84' lang='lat' dir='ltr'>addita</span> <span class='ocrx_word' id='word_1_433' title='bbox 477 4893 569 4964; x_wconf 86' lang='lat' dir='ltr'>sunt,</span> <span class='ocrx_word' id='word_1_434' title='bbox 602 4883 767 4945; x_wconf 85' lang='lat' dir='ltr'>Varronis</span> <span class='ocrx_word' id='word_1_435' title='bbox 796 4885 904 4946; x_wconf 89' lang='lat' dir='ltr'>Bonus</span> <span class='ocrx_word' id='word_1_436' title='bbox 936 4884 1080 4947; x_wconf 87' lang='lat' dir='ltr'>Eventus</span> <span class='ocrx_word' id='word_1_437' title='bbox 1110 4903 1179 4945; x_wconf 84' lang='lat' dir='ltr'>esse</span> <span class='ocrx_word' id='word_1_438' title='bbox 1210 4882 1352 4946; x_wconf 83' lang='lat' dir='ltr'>videtur.</span> <span class='ocrx_word' id='word_1_439' title='bbox 1405 4881 1550 4948; x_wconf 54' lang='lat' dir='ltr'>santis</span> <span class='ocrx_word' id='word_1_440' title='bbox 1583 4906 1763 4973; x_wconf 78' lang='lat' dir='ltr'>cognomen</span> <span class='ocrx_word' id='word_1_441' title='bbox 1791 4889 1826 4947; x_wconf 88' lang='lat' dir='ltr'>in</span> 
     </span>
    </p>
   </div>
   <div class='ocr_carea' id='block_1_5' title="bbox 0 0 2126 5722">
    <p class='ocr_par' dir='ltr' id='par_1_6' title="bbox 0 0 2126 5722">
     <span class='ocr_line' id='line_1_38' title="bbox 0 0 2126 5722; baseline 0 9"><span class='ocrx_word' id='word_1_442' title='bbox 0 0 2126 5722; x_wconf 95' lang='lat' dir='ltr'> </span> 
     </span>
    </p>
   </div>
  </div>
 </body>
</html>
