4244 5722
941 534 1152 627 ’.14-

182 729 272 815 quod
301 750 343 795 ex
362 730 534 797 veteribus
553 726 692 801 catoni·
722 727 821 791 libris
852 727 1066 792 mancatum
1085 724 1148 806 ait,
1179 727 1297 793 elisam
1316 727 1451 793 literam
1468 747 1498 793 aa
1518 745 1596 810 cum
1615 726 1701 793 elien
1717 726 1821 793 litera
1837 745 1857 791 s
1878 725 1917 789 iu

183 868 321 915 amare
339 862 404 933 pro
424 847 579 910 amaris
607 846 664 912 vel
690 845 858 911 similibus
880 864 1088 930 comparasse
1107 843 1262 911 videturs
1293 849 1491 911 conferatur
1510 846 1625 915 Quint,
1654 844 1718 927 IX,
1736 845 1771 926 4,
1791 841 1835 913 38
1855 862 1918 928 aq„

183 968 244 1034 ubi
269 970 337 1047 J'am
366 972 565 1048 propterea,
607 961 697 1049 quod
723 983 821 1028 nemo
851 962 921 1028 die
951 964 1030 1058 lano
1051 983 1115 1049 pro
1146 962 1222 1028 hoc
1253 961 1320 1029 die
1341 966 1414 1029 siva
1444 964 1571 1030 hodie
1602 962 1755 1029 dicturus
1786 962 1920 1035 fui-oi»

184 1084 298 1164 dice,
320 1082 451 1164 facie,
471 1101 535 1166 pro
556 1080 776 1147 dicebare
796 1079 973 1169 legendum
994 1089 1055 1147 aet.
1106 1080 1155 1145 Ex
1174 1080 1345 1163 hocloco,
1365 1079 1705 1169 quitotusabundat
1729 1079 1847 1159 vitiis,
1878 1098 1921 1145 aa

184 1203 311 1281 saltim,
347 1220 432 1285 quae
458 1198 527 1291 nuc
557 1202 702 1265 maxime
728 1200 918 1284 pertinent,
950 1199 980 1284 ξ.
1001 1199 1054 1267 39.
1076 1196 1251 1265 amendata
1269 1203 1427 1284 proferre
1447 1201 1561 1265 liccats
1593 1197 1694 1267 elude
1715 1185 1859 1283 palmi’
1880 1204 1920 1263 at

184 1320 376 1384 crinibus
407 1316 489 1391 (Cic.
512 1316 569 1381 Or.
589 1316 678 1396 Β),
700 1316 995 1401 po'meridiem
1027 1317 1112 1395 (Cic.
1146 1316 1204 1383 Or.
1226 1316 1311 1398 ⁴7.);
1332 1328 1367 1383 ct
1394 1319 1461 1385 illa
1475 1315 1632 1387 Censorii
1651 1315 1789 1383 Catonia
1809 1313 1920 1395 dico,

185 1440 308 1516 tacie,
340 1456 443 1523 aeque
463 1432 497 1500 m'
512 1434 613 1499 litera
633 1437 671 1498 in
690 1435 759 1501 fine
778 1437 921 1501 mollitas
954 1454 1040 1521 qnae
1067 1436 1105 1500 iu
1129 1436 1303 1501 veteribus
1321 1438 1418 1504 libris
1447 1446 1585 1522 reperta
1614 1444 1746 1501 mutare
1769 1433 1923 1519 inperiti

185 1557 310 1637 solent,
342 1565 377 1620 ct
401 1551 482 1618 dum
509 1554 729 1619 librariorum
757 1554 918 1618 insecuri
936 1554 1056 1620 volunt
1074 1553 1294 1634 inscientiam,
1315 1574 1411 1619 snam
1431 1554 1665 1620 mnfimntnrs

348 1675 379 1741 7.
420 1672 493 1736 Etsi
511 1690 540 1735 aa
559 1671 662 1743 litera
681 1672 718 1734 in
746 1671 1020 1757 inscriptionibus
1051 1690 1154 1755 snpra
1183 1668 1329 1740 laudatis
1361 1675 1464 1739 etiam
1488 1681 1567 1739 ante
1593 1678 1815 1737 consonante·
1842 1668 1927 1735 stin

184 1797 321 1884 legitur,
343 1799 378 1857 et
388 1791 505 1854 Festus
525 1788 823 1873 aequeacNoniua
843 1792 940 1874 pil.
953 1787 1124 1854 editiore.
1146 1790 1185 1852 in
1204 1788 1445 1857 dierectum
1463 1792 1694 1857 accusativum
1707 1787 1801 1854 atem
1817 1786 1928 1867 laten

186 1919 369 1999 putarunt3
399 1929 568 1993 nunqnam
599 1915 711 1971 umen
740 1906 873 2003 dicem
894 1914 992 1992 atquc
1011 1908 1134 1972 aimdia
1153 1906 1281 1971 Futura
1300 1907 1427 1987 (nullae
1447 1911 1538 1975 enim
1558 1905 1696 1990 dubito,
1716 1905 1815 1972 dica
1830 1901 1929 1993 apud

187 2030 347 2096 Catonem
367 2025 457 2092 idem
477 2027 697 2116 significasse,
718 2024 808 2110 quod
833 2023 982 2092 dicabo
1009 2021 1099 2110 apud
1117 2025 1268 2090 Nonium
1288 2048 1322 2112 p.
1342 2028 1417 2095 5⁰7.
1438 2025 1492 2095 ed.
1512 2025 1642 2109 tam,
1668 2024 1823 2111 qamvis
1836 2022 1925 2099 ,lm-

186 2146 385 2239 damannue,
408 2153 500 2209 recte
520 2142 656 2228 quidem
675 2144 872 2226 vituperans
892 2161 966 2222 eos,
987 2144 1045 2227 qui
1065 2142 1153 2208 dice
1171 2164 1236 2228 pro
1257 2142 1327 2209 dic
1347 2146 1496 2230 positum
1513 2144 1699 2228 malebant,
1730 2142 1871 2209 ratum
1887 2139 1927 2209 id

188 2268 300 2332 dicere
319 2264 462 2329 voluisse
484 2262 658 2345 opinetur,
679 2257 797 2324 dicia
817 2259 982 2324 vocabulo
1001 2267 1135 2326 veteres
1155 2280 1233 2326 uaoe
1252 2262 1356 2326 inisse
1376 2281 1440 2346 pro
1461 2260 1559 2328 dica
1577 2264 1651 2329 aive
1671 2255 1784 2347 disq)
1802 2260 1843 2325 in
1860 2278 1929 2325 aaa

186 2389 290 2450 tuisse
311 2381 483 2448 existimo:
512 2398 589 2441 uam
609 2375 698 2460 apud
718 2378 872 2442 Plautum
894 2377 988 2443 Asin.
1008 2377 1072 2458 111,
1093 2378 1126 2458 3,
1148 2378 1233 2459 1³6,
1253 2379 1314 2443 ubi
1333 2382 1489 2466 Lipsius,
1518 2382 1639 2469 pignus
1658 2381 1698 2445 in
1717 2398 1837 2447 omno
1854 2379 1929 2443 lua·

187 2516 285 2568 tunae
306 2521 381 2565 snae
403 2497 484 2561 dare
504 2503 659 2580 paratus,
690 2515 753 2580 pro
774 2495 924 2574 iecile,
967 2493 1055 2580 quod
1075 2496 1113 2559 in
1132 2496 1277 2586 vulgatis
1296 2507 1387 2580 erat,
1420 2499 1568 2563 faciem
1595 2494 1805 2579 amandavit,
1834 2514 1929 2561 nunc

190 2622 319 2687 »animo
341 2619 385 2682 sis
407 2616 601 2678 bonorare:
623 2621 799 2696 exoptato
821 2612 1025 2700 obtingent,l
1048 2612 1187 2701 legitur.
1229 2612 1372 2680 Romani
1386 2618 1515 2701 potius‚'
1530 2616 1791 2685 consonantibus
1805 2614 1930 2681 wno-

188 2759 267 2802 rum
287 2735 438 2814 dicam,
464 2731 680 2811 dixerunt,
715 2729 876 2794 diceris
897 2738 960 2796 cet.
988 2730 1024 2793 in
1044 2728 1113 2794 fine
1132 2731 1289 2813 abjectis,
1316 2735 1467 2799 vocalem
1484 2733 1736 2800 antecedentem
1756 2734 1795 2797 in
1815 2749 1836 2798 a
1853 2750 1930 2799 mn·

189 2861 319 2931 terunt,
342 2853 431 2915 sicut
450 2852 486 2912 in
507 2858 641 2912 macte
662 2868 725 2932 pro
746 2856 925 2921 mactus,
946 2848 1026 2910 ille
1047 2867 1110 2931 pro
1131 2848 1248 2928 ollas,
1270 2871 1381 2939 mage
1402 2870 1469 2939 pro
1487 2854 1638 2940 magis,
1659 2861 1758 2938 pote
1776 2868 1843 2937 pro
1861 2868 1933 2935 po·

190 2975 257 3035 tis.
308 2970 400 3032 Hinc
422 2966 689 3046 Lindemannus,
720 2968 778 3048 qui
799 2985 862 3049 pro
883 2965 978 3028 Pauli
998 2965 1140 3030 Diaconi
1163 2964 1360 3047 sadduco,
1394 2946 1582 3037 addideris«
1605 2971 1715 3036 erola
1734 2964 1932 3052 conjecturs

191 3087 340 3153 adduie
355 3085 519 3159 ediderat,
541 3104 629 3148 novo
644 3080 787 3167 quodam
801 3102 921 3148 errore
935 3086 1124 3148 annotavit:
1147 3082 1338 3150 »Nollemua
1352 3095 1519 3152 mutatum
1535 3087 1697 3155 adduea
1713 3089 1752 3152 in
1764 3084 1931 3155 adduit:

192 3208 268 3271 lieri
290 3208 378 3270 enim
399 3206 528 3293 potuit,
550 3210 591 3265 ut
610 3199 788 3266 adduam
809 3220 871 3284 pro
893 3199 1061 3265 adduim
1081 3201 1234 3266 dicerent
1254 3205 1402 3289 antiqui,
1423 3213 1534 3292 potest
1554 3209 1656 3271 etiam
1674 3203 1933 3272 addueauasu

192 3330 362 3398 futurum,
385 3320 549 3385 addnim
571 3321 834 3400 conjunctivus«
878 3317 1046 3383 Addues
1064 3322 1219 3383 futurum
1249 3332 1301 3385 est
1331 3322 1373 3385 ab
1403 3321 1540 3388 addae
1571 3326 1645 3389 aive
1674 3321 1867 3403 adduam
1896 3324 1936 3401 in,

192 3443 405 3523 subjunctivo
425 3458 508 3502 vero
529 3437 700 3502 addaim
720 3443 907 3518 posuerunt
926 3438 1066 3522 antiqui,
1088 3457 1255 3522 nunquam
1275 3437 1460 3515 adduem,
1481 3443 1560 3524 quia
1580 3443 1712 3506 ierem
1732 3438 1830 3509 alind
1848 3449 1933 3507 tant·

194 3581 257 3645 pus
279 3568 331 3622 est
350 3578 447 3642 quam
468 3558 607 3620 faxim.
648 3553 704 3618 Sic
726 3551 810 3616 Cato
831 3552 868 3617 a
891 3553 928 3618 tt.
951 3557 1022 3619 141.
1046 3553 1136 3619 duis
1156 3555 1304 3620 bonam
1324 3559 1500 3624 salutem
1519 3561 1672 3645 scripsit,
1698 3561 1852 3625 annuit
1870 3578 1935 3645 pro

195 3685 348 3741 annuat
370 3672 520 3736 Catullus
543 3682 605 3738 cet.
628 3672 697 3736 vid.
721 3669 836 3735 Struv.
865 3670 906 3734 de
926 3673 1129 3737 Latinorum
1154 3670 1380 3741 declinatione
1409 3685 1444 3740 et
1464 3681 1699 3767 conjugatione
1718 3700 1797 3770 pap.
1818 3680 1882 3747 tlt
1901 3686 1937 3745 nt

193 3798 255 3859 202
276 3816 322 3878 sq.
364 3792 521 3857 Quamvis
543 3809 641 3874 saepe
663 3790 813 3871 antiqui,
846 3798 885 3852 ut
905 3808 1011 3874 supra
1034 3789 1181 3854 vidimus
1188 3839 1198 3871 ,
1230 3795 1363 3859 vocales
1385 3816 1402 3859 e
1426 3803 1462 3860 et
1481 3797 1497 3861 ἰ
1515 3797 1607 3860 inter
1633 3816 1671 3863 aa
1690 3804 1936 3881 permutarent,

195 3914 261 3977 hoc
282 3921 394 3973 tamen
415 3929 481 3972 nou
503 3928 605 3993 aeque
627 3906 793 3971 faciebant
813 3910 849 3970 in
869 3909 999 3997 longis,
1020 3917 1118 3992 atque
1139 3910 1175 3971 in
1196 3907 1354 3976 brevibus
1375 3912 1564 3978 vocalibuas
1586 3916 1661 3979 aim
1680 3916 1795 4000 potius
1815 3912 1938 3979 dilata·

196 4033 276 4094 bant
308 4031 344 4090 in
365 4028 489 4106 siem,
521 4034 556 4091 et
575 4024 664 4089 dem
686 4044 753 4089 non
774 4036 843 4090 tam
863 4044 906 4107 aa
923 4023 1034 4089 duim
1057 4046 1156 4109 qnam
1177 4046 1217 4090 ex
1238 4027 1347 4094 daim
1367 4031 1621 4098 contrahebant.
1672 4031 1741 4097 Sed
1760 4028 1938 4099 niumm

197 4148 240 4212 ed
260 4146 464 4210 Umbrorum
492 4165 590 4207 usum
617 4144 655 4205 in
676 4144 853 4207 literarum
870 4122 1194 4231 demutationibus,
1232 4167 1313 4231 quas
1334 4147 1539 4214 recensendo
1567 4151 1670 4215 simul
1689 4152 1841 4219 valoaan
1861 4152 1939 4217 tite·

197 4286 313 4329 rerum
335 4260 560 4327 suadebimus.

361 4380 393 4447 8.
436 4380 621 4444 Vocales
643 4377 763 4442 Umbri
784 4381 927 4462 quinque
947 4379 1137 4444 habueruut
1156 4402 1197 4460 o,
1217 4399 1252 4459 e,
1274 4384 1304 4463 i,
1325 4404 1362 4464 o,
1383 4403 1416 4461 a,
1438 4402 1579 4467 quarum
1600 4382 1682 4450 duaa
1701 4405 1786 4451 varo
1806 4394 1939 4473 poetro·

199 4520 268 4563 mes
290 4500 438 4564 Tuscum
464 4495 634 4562 scribendi
654 4516 760 4584 genus
781 4517 848 4560 non
869 4495 1095 4562 discernebatz
1117 4497 1206 4563 uude
1227 4499 1418 4565 Priscianus
1437 4501 1464 4564 1.
1484 4520 1518 4585 p.
1540 4503 1612 4570 548.
1655 4503 1705 4573 »0
1724 4502 1857 4589 aliquot
1875 4503 1941 4569 ln-

199 4620 266 4682 liae
286 4619 456 4693 civitates,
477 4618 543 4696 ait,
564 4623 650 4679 teste
672 4614 800 4687 Plinio,
821 4634 889 4678 non
909 4616 1091 4696 habebant,
1111 4616 1170 4682 sod
1190 4617 1267 4681 loeo
1288 4624 1360 4702 ejus
1381 4621 1550 4707 ponebant
1573 4622 1618 4702 U,
1645 4629 1683 4687 et
1700 4624 1848 4688 maxima
1860 4618 1941 4687 Una·

201 4738 256 4799 bri
275 4746 309 4800 et
329 4735 463 4797 Tusci«
507 4735 658 4800 Quocum
679 4735 709 4796 si
731 4752 971 4816 comparemus,
995 4733 1083 4818 quod
1102 4734 1219 4799 Velius
1240 4736 1377 4827 Longus
1399 4759 1431 4823 p.
1452 4738 1547 4806 2216.
1567 4742 1717 4826 scripsit:
1740 4736 1860 4827 »Apud
1877 4758 1940 4805 noe

204 4872 334 4937 quoque
354 4850 534 4917 ostendunt
554 4851 702 4933 antiqui,
723 4853 801 4936 quia
821 4869 924 4935 aeque
944 4854 1098 4917 confusas
1120 4853 1234 4920 literas
1255 4876 1275 4920 o
1296 4865 1331 4920 et
1349 4876 1372 4921 o
1391 4856 1555 4923 habuere:
1587 4878 1665 4925 uam
1685 4860 1836 4927 consol
1855 4862 1940 4925 acri·
