4244 5722
930 551 1181 614 ..10-

183 709 375 799 perdamus,
396 710 532 776 silentio
554 709 651 773 nobis
671 709 1190 795 praetermittendumuideatur,
1212 716 1360 798 exceptis
1380 716 1507 800 paucis,
1528 736 1612 799 quae
1625 716 1667 781 ad
1688 719 1820 806 reliqua
1841 734 1932 790 reete

183 828 435 917 interpretanda
455 832 567 896 facere
587 827 717 915 aliquid
736 832 876 916 possint.

508 1049 545 1125 1.
598 1039 762 1127 Primam
787 1049 984 1127 Bantinos
1007 1047 1161 1127 tabulae
1185 1065 1314 1149 capot,
1339 1054 1437 1151 quod
1462 1069 1600 1134 enatat.

349 1183 492 1247 Initium
511 1182 613 1264 hujus
633 1187 754 1270 eapitis
774 1194 851 1270 post
872 1185 976 1270 primi
997 1205 1115 1250 versus
1136 1186 1242 1250 verba
1261 1188 1410 1252 molturam
1422 1189 1540 1254 ls'cs'tssd
1550 1188 1654 1270 deest,
1676 1201 1711 1256 et
1730 1194 1766 1255 in
1787 1192 1931 1258 secundo

184 1323 286 1369 versu
307 1304 443 1367 nonnisi
463 1306 532 1367 tria
552 1303 715 1391 leguntur
735 1304 860 1383 verba,
893 1325 1039 1388 quorum
1059 1307 1209 1391 primum
1236 1325 1304 1387 una
1325 1307 1427 1370 litera
1448 1306 1488 1389 Q.
1510 1311 1760 1394 scriptumest,
1792 1315 1931 1396 quaein

184 1423 279 1486 Oscis
300 1422 487 1507 alphabetis
508 1420 673 1486 secundae
693 1422 828 1487 tabulae
848 1423 1117 1512 lithograpbieae
1128 1423 1349 1506 desideratur,
1371 1426 1559 1489 inBantina
1578 1448 1661 1491 vero
1677 1432 1787 1494 tabula
1807 1433 1933 1494 iterum

184 1543 309 1630 legitur
329 1562 362 1605 v.
386 1544 438 1608 29.
481 1542 615 1629 Lingua
638 1541 724 1604 Osca
744 1541 880 1605 literam
902 1562 924 1626 p
945 1540 1029 1607 adeo
1050 1545 1149 1631 fugit,
1180 1553 1218 1608 ut
1244 1543 1428 1608 secundum
1455 1546 1598 1609 Paulum
1623 1547 1812 1613 Diaconum
1831 1551 1936 1633 pispir

185 1679 249 1745 pro
270 1660 434 1744 quidquid
450 1669 487 1724 et
506 1657 689 1725 secundum
708 1662 843 1725 Festum
862 1671 980 1744 petora
999 1681 1064 1747 pro
1086 1671 1228 1745 protom
1237 1661 1426 1727 dicaretur:
1448 1664 1511 1728 illa
1531 1665 1634 1728 litera
1654 1668 1761 1753 igitur
1777 1671 1938 1741 Quaestor

184 1779 330 1845 urbanus
359 1777 530 1868 designari
550 1776 698 1858 videtur,
729 1781 789 1863 qui
817 1782 853 1842 in
881 1781 1003 1844 Latina
1031 1782 1106 1869 lege
1126 1804 1160 1847 v.
1181 1783 1212 1848 9.
1227 1785 1267 1851 18
1277 1803 1347 1867 sqq.
1378 1786 1415 1856 Q.
1438 1783 1523 1865 orb,
1552 1786 1589 1847 in
1617 1784 1825 1870 Pompejanis
1851 1806 1938 1854 vero

184 1899 462 1984 inscriptionibus
483 1899 743 1984 KFosoosap
768 1897 944 1964 scribitur.
986 1898 1104 1963 Verba
1132 1901 1174 1973 Q.
1194 1902 1322 1967 moltam
1343 1905 1440 1987 angit
1467 1904 1685 1968 illustrantur
1714 1902 1859 1968 Tuderti
1885 1909 1940 1968 in·

52 2103 59 2115 ἡ
184 2019 382 2102 scriptione,
408 2018 446 2079 in
467 2016 589 2081 Tiberi
609 2018 716 2081 fluvio
738 2010 887 2100 reperta,
913 2016 974 2080 ubi
993 2017 1276 2127 hacc-leguntur:
1309 2019 1387 2086 »Sei
1407 2025 1481 2106 quis
1502 2020 1662 2087 adversus
1681 2021 1768 2085 haue
1789 2025 1940 2110 rogatio·

140 2136 144 2141 ’
185 2155 282 2203 snem
302 2137 424 2201 iecerit
442 2136 552 2199 sciens
573 2132 606 2201 d.
626 2156 685 2213 m.,
708 2136 740 2197 ei
761 2135 869 2193 multa
889 2145 961 2195 esto
980 2135 1054 2199 HS.
1075 2136 1157 2212 111,
1187 2141 1292 2220 ejusq.
1316 2144 1493 2222 pecuniam
1520 2144 1710 2221 Quaestori,
1727 2143 1823 2225 ¹quei
1841 2161 1937 2206 aera·

185 2256 294 2316 »rium
313 2255 527 2336 provinciam
548 2246 726 2323 obtinebit,
747 2243 868 2329 populi
890 2240 1017 2322 indicio
1038 2252 1155 2327 petere
1175 2244 1233 2309 uel
1253 2246 1291 2307 in
1311 2263 1445 2307 sacrum
1466 2246 1618 2325 judicare
1630 2255 1764 2324 liceto«
1807 2260 1936 2323 Multos

184 2371 275 2435 enim
304 2364 510 2432 vocabulum
540 2359 726 2427 secundm
756 2359 845 2427 Gell.
873 2359 935 2439 XI,
948 2364 977 2427 1.
999 2358 1049 2423 M.
1070 2359 1187 2424 Varro
1217 2379 1286 2424 uno
1316 2370 1352 2425 et
1370 2365 1535 2451 vigesimo
1566 2366 1692 2433 Rerum
1711 2371 1940 2438 humanarum

184 2507 253 2553 non
272 2486 450 2569 Latinum,
483 2479 543 2546 sed
562 2479 725 2545 Sabinum
753 2497 823 2543 esse
844 2476 943 2559 dixit,
975 2476 1076 2561 idque
1097 2475 1140 2541 ad
1167 2499 1264 2543 suam
1291 2483 1490 2545 memoriam
1511 2487 1670 2549 mansisse
1694 2491 1744 2551 ait
1764 2492 1800 2552 in
1820 2491 1943 2576 lingua

184 2604 402 2683 Samnitium,
430 2602 493 2688 qui
519 2610 599 2665 suut
622 2620 644 2663 a
671 2596 806 2662 Sabinis
834 2598 916 2664 orti.
957 2596 1073 2661 Festus
1093 2606 1222 2661 antem:
1257 2596 1435 2681 Multam,
1468 2603 1592 2685 inquit,
1625 2603 1709 2667 Osca
1730 2604 1798 2668 dici
1819 2618 1942 2692 putant

187 2744 351 2814 »poenam
370 2718 523 2807 quidam:
544 2718 596 2786 M.
618 2717 734 2781 Varro
753 2718 804 2781 ait
824 2734 966 2801 poenam
986 2734 1069 2795 esse,
1090 2714 1149 2779 sed
1169 2718 1411 2803 pecuniariam,
1431 2717 1475 2783 de
1497 2740 1562 2804 qua
1582 2721 1754 2787 subtiliter
1774 2727 1811 2787 in
1831 2727 1891 2792 lib.
1908 2724 1936 2788 1.

188 2843 450 2928 »Quaestionum
470 2841 569 2925 epist.
592 2839 729 2907 refert«
771 2835 870 2899 Hanc
890 2834 1034 2899 multam
1054 2854 1160 2919 quum
1181 2835 1360 2918 Quaestori
1379 2839 1500 2923 populi
1516 2837 1647 2921 iudicio
1667 2852 1785 2927 petere
1806 2843 1936 2925 liceret,

183 2946 331 3028 verbum
352 2962 451 3047 sagit
469 2977 533 3046 pro
555 2958 680 3021 Latino
701 2957 806 3039 s'sss'gr't
826 2957 899 3019 tivo
919 2955 1013 3038 cogit
1032 2957 1181 3039 positum
1201 2955 1287 3019 mihi
1306 2953 1462 3020 videtur:
1496 2958 1598 3021 Oscos
1624 2962 1713 3023 enim
1742 2981 1786 3025 oss
1811 2982 1875 3048 pro
1899 2968 1936 3031 iss

186 3081 322 3161 dixisse,
354 3081 443 3143 sieut
470 3076 628 3155 Umbros,
661 3093 681 3137 e
707 3074 956 3159 praepositione
983 3082 1079 3137 anter
1097 3074 1135 3137 in
1155 3074 1376 3158 inscriptione
1395 3074 1597 3159 Pompeiana
1620 3078 1836 3166 intelligitur.
1878 3081 1937 3144 Sic
2055 3160 2059 3169 ,

187 3198 229 3264 de
250 3197 452 3264 Censores.
474 3197 524 3260 20.
547 3192 688 3262 Cessator
714 3211 862 3257 emerem
883 3200 985 3276 anget
1006 3193 1150 3280 legitur,
1182 3191 1243 3255 ubi
1270 3201 1382 3256 tamen
1403 3212 1549 3258 censuum
1569 3214 1637 3258 non
1656 3216 1720 3282 pro
1742 3200 1936 3263 accusativo

186 3319 346 3397 nominis,
378 3313 440 3379 sed
467 3332 531 3400 pro
552 3314 723 3377 infinitivo
753 3311 852 3376 verbi
873 3308 1109 3398 accipiendum
1128 3319 1191 3391 est,
1217 3312 1308 3376 siout
1326 3311 1476 3377 ssoltosssss
1497 3314 1534 3375 in
1563 3315 1663 3376 initio
1684 3313 1783 3396 hujns
1803 3316 1938 3381 tabulae

186 3454 251 3523 pro
272 3435 417 3501 multare.
458 3431 513 3495 An
535 3431 614 3495 Osci
634 3430 779 3496 deioeoss
799 3449 933 3515 quoque
963 3448 1028 3514 pro
1049 3428 1255 3495 debere'sive
1276 3430 1401 3496 solorre
1424 3431 1512 3495 nolle
1537 3428 1697 3512 dixerint,
1725 3433 1940 3519 quemadmo-

189 3553 271 3619 dum
299 3572 446 3618 cessseom
476 3570 539 3638 pro
571 3570 708 3630 cmsers,
740 3561 882 3636 propter
912 3528 1067 3613 lac'unam
1093 3559 1172 3614 ante
1197 3552 1351 3614 futurum
1373 3562 1528 3615 exactum
1549 3551 1675 3616 dcioast
1694 3573 1726 3617 v.
1748 3556 1779 3620 3.
1800 3550 1940 3616 deliniri

189 3675 324 3757 nequit:
356 3668 437 3735 inde
468 3690 552 3735 vero
583 3668 761 3735 derivatur
792 3670 1015 3754 praeteritum
1046 3668 1178 3735 dciom'd
1195 3690 1229 3733 v.
1252 3673 1305 3736 ll.
1336 3690 1414 3733 cnm
1441 3672 1606 3735 intensiva
1636 3673 1745 3735 forma
1764 3675 1943 3757 participii

188 3794 362 3859 savarres
381 3812 416 3860 r.
437 3796 484 3871 9.,
517 3792 574 3854 eui
600 3788 723 3853 similis
751 3798 802 3853 est
822 3790 930 3855 drona
949 3808 1014 3874 pro
1034 3791 1125 3855 itosss
1144 3791 1181 3852 in
1202 3790 1304 3854 initio
1325 3790 1546 3875 Pompeianae
1565 3793 1804 3876 inscriptionis.
1846 3791 1942 3875 Quid

187 3913 226 3975 in
246 3912 347 3975 initio
367 3931 402 3979 a.
423 3910 457 3977 5.
478 3906 658 3997 legendum
676 3909 734 3987 sit,
763 3908 833 3999 loci
853 3907 1025 3972 mutilatio
1046 3910 1215 3973 incertum
1236 3907 1360 3989 reddit,
1382 3929 1573 3994 quanquam
1593 3909 1746 3995 suppleta
1765 3910 1942 3997 praeposi·

189 4032 240 4095 tio
259 4039 376 4113 pristes
395 4030 620 4117 sive-praeter
639 4028 869 4093 accusativum
889 4027 1049 4093 deiootosss
1069 4029 1245 4111 requirere
1265 4025 1420 4094 videtur:
1442 4029 1479 4090 in
1500 4047 1567 4111 quo
1590 4028 1724 4092 literam
1742 4030 1876 4093 finalem
1896 4046 1940 4110 sss,

190 4149 280 4213 siout
299 4150 336 4212 in
356 4146 520 4212 Umbrica
539 4147 668 4236 lingue,
699 4146 804 4228 abjici
830 4147 991 4232 potuisse,
1024 4164 1153 4211 corrono
1173 4167 1207 4211 v.
1232 4150 1283 4215 14.
1313 4166 1377 4233 pro
1404 4166 1563 4212 comoneat
1582 4168 1615 4215 v.
1636 4149 1689 4213 17.
1719 4144 1826 4212 docet.
1868 4145 1941 4211 Pro

190 4269 321 4333 moimos
341 4268 468 4332 comme
487 4268 629 4333 scaettis
650 4266 814 4351 tonginsd
832 4287 864 4331 v.
875 4268 907 4334 3.
928 4264 1046 4351 paullo
1067 4275 1143 4349 post
1161 4287 1194 4331 r.
1214 4267 1295 4351 osq.
1315 4268 1452 4332 inverso
1473 4264 1593 4330 ordine
1613 4268 1755 4330 senates's
1776 4265 1945 4348 tungiensi

190 4387 321 4451 mairano
342 4385 467 4449 carneis
486 4385 652 4469 scriptum
679 4385 782 4447 fuisse
803 4392 905 4468 puto,
935 4385 1050 4446 nescio
1071 4393 1193 4463 tanen,
1222 4405 1266 4447 an
1285 4388 1415 4451 maiam
1444 4387 1570 4450 cantas
1588 4403 1652 4470 pro
1679 4385 1830 4471 genitivo
1850 4384 1942 4446 acci·

191 4500 352 4591 piendum
371 4505 428 4583 sit,
450 4500 730 4587 quemadmodum
751 4511 884 4567 assatus
904 4521 968 4586 pro
989 4504 1097 4569 mats·
1116 4504 1189 4567 sivo
1209 4514 1352 4584 senates,
1373 4505 1433 4587 qui
1453 4501 1576 4590 pendet
1594 4503 1637 4565 ab
1657 4501 1806 4564 ablativo
1828 4505 1942 4584 tougi-

192 4624 260 4688 ssssd
278 4624 351 4687 sive
371 4622 508 4688 decreto.
540 4623 666 4687 Oscum
680 4625 771 4687 enim
792 4624 961 4706 tasginosn
971 4620 1104 4688 Graeco
1123 4624 1305 4708 τάγματι
1326 4620 1539 4709 respondere,
1561 4630 1596 4685 et
1615 4625 1753 4685 emersis
1775 4620 1944 4704 tongisud

191 4740 282 4807 idem
302 4742 505 4831 significare,
527 4741 618 4825 quod
637 4743 678 4807 ds
696 4752 851 4808 sescenos
870 4741 1057 4807 sententiod
1074 4742 1112 4804 in
1132 4716 1274 4806 Senatus
1295 4741 1448 4805 consulto
1468 4738 1510 4805 de
1531 4738 1807 4818 Bacchanalibus,
1836 4738 1942 4803 Abel·

191 4859 269 4926 lana
290 4861 406 4925 tabula
426 4858 537 4941 docet,
559 4859 620 4924 ubi
641 4859 669 4940 1,
683 4861 715 4929 9.
737 4858 1221 4950 es11,e.simins1sgunsur.
1264 4859 1392 4925 Versus
1410 4863 1443 4927 4.
1464 4859 1602 4924 initium
1622 4859 1723 4921 nimis
1743 4857 1940 4923 mutilatum
