4244 5722
532 1844 1412 2011 Praefatio·

748 2166 1174 2181 ,Μ

264 2434 393 2567 Post
416 2486 564 2562 tabulas
576 2484 755 2586 Iguuinos
780 2459 910 2561 omnes
935 2507 1024 2559 cum
1038 2475 1357 2580 inscriptionibus
1380 2475 1594 2553 minoribus
1618 2475 1824 2576 explicatas

105 2664 166 2716 res
190 2641 233 2717 in
256 2637 416 2740 singulis
439 2637 640 2740 particulis
664 2643 851 2713 tractatas·
866 2632 1080 2712 summatim
1103 2629 1331 2731 repetendas
1356 2626 1507 2729 putavi,
1532 2636 1576 2702 ut
1600 2653 1679 2704 non
1702 2631 1825 2708 solum

14 2810 16 2815 ’
106 2800 330 2890 appareret,
367 2790 464 2888 quid
488 2811 537 2862 ex
560 2786 734 2863 enodatis
758 2785 935 2863 Umbrici
959 2784 1144 2859 sermonis
1168 2779 1343 2880 reliquiis
1367 2779 1409 2854 in
1433 2804 1565 2855 rernm
1590 2778 1826 2880 antiquitatis

105 2940 241 3018 notitia
264 2939 404 3017 lucrati
428 2939 563 3033 simus,
595 2963 731 3015 verum
755 2934 871 3013 etiam
894 2935 1077 3021 nonnulla
1100 2958 1253 3027 eorum,
1285 2957 1383 3031 quae
1407 2931 1448 3007 in
1471 2931 1642 3008 medium
1665 2936 1827 3034 protuli,

104 3096 169 3172 vel
196 3094 485 3191 corrigerentur
507 3091 572 3168 vel
594 3088 713 3190 magis
725 3086 980 3166 firmarentur.
1013 3083 1243 3185 Iulguvinis
1267 3083 1425 3184 quidem
1446 3084 1588 3161 tabulis
1612 3109 1675 3162 res
1698 3112 1828 3163 sacrae
1883 3124 1887 3137 ·

107 3249 319 3347 praecipue
342 3243 601 3338 continentur,
625 3243 695 3319 sed
718 3268 768 3319 ne
792 3243 858 3336 illa
882 3241 962 3318 sola
974 3248 1202 3341 repeterem,
1229 3262 1326 3337 quoe
1351 3236 1402 3311 de
1426 3235 1702 3314 hismemorata
1727 3248 1827 3333 sunt,

109 3400 160 3475 de
184 3395 366 3475 sermonis
394 3395 568 3473 Umbrici
591 3375 723 3472 indole
747 3394 861 3494 plura
886 3391 1040 3487 addidi,
1075 3417 1241 3492 quorum
1263 3413 1435 3488 magnam
1465 3396 1615 3488 partem
1640 3391 1688 3466 ad
1713 3392 1828 3467 finem

106 3552 225 3650 hujus
251 3547 379 3650 operis
404 3531 649 3647 reservarem,
701 3546 877 3623 Pertinet
901 3545 949 3620 ad
974 3570 1019 3620 ea
1043 3542 1256 3654 particadae
1279 3543 1395 3641 hujus
1420 3541 1637 3632 exordium,
1674 3569 1752 3643 quo
1779 3544 1829 3620 de

112 3703 343 3779 Umbrorum
366 3703 521 3779 nomine
544 3709 584 3777 et
610 3697 780 3799 origine,
815 3694 1113 3799 quaerentium,
1147 3695 1246 3789 dixi,
1286 3703 1330 3769 ut
1354 3694 1535 3769 nonnulla
1559 3695 1682 3770 saltim
1706 3695 1757 3771 de
1780 3695 1829 3772 iis

112 3857 328 3954 eloquerer,
355 3853 495 3953 quibus
519 3851 698 3930 innititur
720 3877 803 3928 mea
827 3851 878 3926 de
891 3853 1033 3927 veteris
1058 3847 1190 3927 Italiae
1214 3845 1355 3946 linguis
1380 3873 1424 3923 ac
1448 3846 1605 3947 populis
1630 3849 1827 3943 sententia,

111 4009 154 4082 in
176 4007 241 4083 illa
265 4006 502 4107 praefatione
526 4004 696 4105 prolata,
722 4029 797 4103 qua
821 4013 908 4079 ante
931 4002 1078 4103 aliquot
1102 4025 1218 4077 annos
1243 3999 1612 4076 dissertatiunculam
1642 4026 1829 4078 commen-

114 4161 214 4254 davi,
241 4184 354 4260 quarn
377 4158 447 4235 Dr.
473 4157 641 4235 Jacobus
664 4156 819 4255 Henop,
851 4156 992 4232 acerbo
1029 4157 1107 4230 fato
1143 4151 1253 4228 nimis
1278 4161 1425 4228 mature
1448 4152 1560 4228 nobis
1585 4163 1753 4252 ereptus,
1780 4154 1830 4230 de

112 4309 397 4411 linguaSabina
422 4311 636 4410 scripserat.
671 4308 757 4384 Etsi
781 4333 859 4385 nou
883 4333 1011 4407 spero,
1038 4305 1213 4383 omnibus
1238 4290 1446 4404 probatum
1470 4305 1532 4399 iri,
1559 4331 1656 4404 quae
1680 4306 1829 4401 dixero,

113 4426 239 4563 neque
263 4465 498 4564 persuadere
522 4461 605 4538 aliis
631 4460 780 4554 studeo,
814 4470 859 4536 ut
883 4461 1016 4536 eadem
1040 4459 1222 4559 probent,
1248 4482 1346 4556 quae
1370 4457 1466 4534 mihi
1490 4456 1716 4553 arriserunt,
1754 4460 1830 4535 hoc

79 4682 83 4692 .
114 4627 239 4692 tamen
263 4642 341 4691 non
353 4615 526 4716 impedit,
553 4610 765 4714 quominus
790 4612 1012 4689 senteutiam
1035 4636 1156 4687 meam
1175 4613 1354 4709 operiam,
1381 4634 1493 4709 quam
1518 4608 1686 4708 quidem,
1712 4635 1830 4710 quum

95 4768 156 4843 -in
179 4769 255 4845 hoc
279 4769 365 4870 ipso
402 4792 522 4867 opere
546 4766 687 4865 passim
716 4765 960 4859 mutaverim,
1000 4789 1098 4879 quae
1123 4765 1247 4840 minus
1280 4764 1380 4837 bene
1406 4771 1515 4837 antea
1548 4787 1829 4861 perspexeram,

116 4920 148 4995 si
172 4919 257 5018 quis
282 4920 439 5037 meliora
462 4922 649 5021 proferat,
675 4943 752 4997 non
778 4917 966 4995 obstinate
991 4914 1202 4993 defendam.
1249 4912 1430 4991 Ceterum
1454 4915 1529 4991 hoc
1554 4940 1667 4991 nemo
1692 4917 1829 4994 infitias

1541 5095 1586 5159 l*
