4244 5722
956 614 1159 685 ..23-

201 792 287 852 sicut
306 780 401 852 ἐπεὶ
420 782 506 869 apud
528 782 680 846 Graecos.
733 778 889 845 Getarum
909 784 973 865 pls
993 791 1055 859 ast,
1087 780 1171 855 h.,o.
1194 760 1325 864 piamen
1346 786 1414 854 est,
1446 769 1510 851 VI,
1530 789 1563 851 s,
1583 771 1635 838 to.
1656 766 1803 856 loglturs
1829 770 1922 826 ⁰⁸2²

200 923 298 982 voro,
331 905 408 988 quia
428 919 491 985 pro
513 909 602 962 esto
633 902 668 960 iu
688 896 838 987 Iguvinis
865 898 987 960 tabulis
1008 900 1099 961 inlu
1119 897 1221 959 scribi
1241 896 1343 974 solet,
1374 896 1575 956 Latinorum
1595 884 1786 975 pronomini
1806 876 1922 943 istud

199 1017 384 1106 respondet.
437 1019 634 1095 Termnu,
666 1014 754 1079 haud
787 1013 1050 1079 confundendum
1082 1035 1157 1078 cum
1186 1024 1349 1077 tremuu
1369 1012 1430 1088 VI,
1451 1012 1486 1090 b,
1507 1013 1537 1074 2.
1560 1011 1631 1071 sive
1661 1005 1821 1082 termino,
1853 999 1921 1061 non

198 1138 311 1202 differt
342 1157 362 1198 a
393 1146 617 1199 termnome
639 1132 702 1212 VI,
723 1152 753 1212 a,
775 1136 816 1200 63
837 1154 883 1217 sq·
906 1135 962 1197 vel
983 1144 1199 1197 termnuco
1221 1131 1283 1210 v1,
1306 1152 1336 1210 a,
1357 1133 1409 1196 53.
1432 1131 1483 1195 55.
1507 1130 1577 1204 57„
1610 1143 1675 1209 quo
1706 1128 1844 1206 proptor
1869 1131 1920 1178 ⁸0·

197 1259 331 1341 quentia
352 1255 454 1318 verba
476 1273 563 1317 com
583 1254 801 1337 prinuatir
827 1255 898 1315 sivo
919 1273 994 1315 cum
1015 1254 1211 1315 suffimentis
1231 1241 1417 1337 θερόμενόν
1436 1267 1471 1311 τι
1490 1248 1559 1309 sive
1580 1245 1666 1331 ignis
1693 1248 1800 1303 aestus
1820 1235 1920 1321 signi·

197 1376 324 1439 fleatur.
367 1372 456 1455 Hinc
487 1372 660 1455 inscriptio
690 1371 797 1432 omnis
827 1372 874 1431 sic
905 1368 1064 1433 vertenda
1091 1388 1160 1433 esse
1188 1366 1338 1432 videtur:
1372 1362 1553 1446 „Incendia
1572 1363 1699 1425 vertes!
1742 1351 1919 1429 vilmar,

197 1492 347 1568 Teirale,
370 1488 499 1572 quaudo
521 1491 591 1575 igni
612 1489 742 1572 piamen
765 1496 830 1565 est,
853 1486 942 1550 istud
963 1489 1033 1553 scil.
1056 1490 1100 1550 ait
1120 1477 1325 1573 piaculum.“

360 1611 410 1672 25.
454 1607 589 1669 Praeter
608 1603 772 1668 Tefram
792 1604 813 1666 J
820 1607 953 1667 oviam
975 1604 1059 1667 duae
1080 1606 1165 1666 aliae
1187 1603 1267 1667 deae
1288 1605 1309 1667 J
1317 1604 1434 1665 oriae
1456 1595 1612 1674 audiunt,
1644 1593 1798 1667 Treba,
1820 1605 1919 1671 mam

197 1724 369 1791 Claudiani
391 1724 432 1787 de
453 1724 513 1785 VI.
538 1742 624 1784 cous.
649 1723 780 1786 Honor.
803 1742 837 1785 r.
857 1723 930 1790 328.
952 1710 1141 1786 Triviam
1162 1733 1262 1807 puto,
1285 1731 1319 1784 et
1339 1719 1473 1781 Tursa
1491 1716 1513 1779 1
1518 1716 1632 1792 oria,
1653 1710 1772 1793 quibus
1793 1703 1921 1770 accedit

190 1840 341 1905 ¹Honda
368 1842 389 1903 J
396 1844 491 1903 oria
517 1841 583 1920 jam
611 1859 711 1924 supra
732 1839 760 1924 §.
783 1843 824 1904 14
844 1860 890 1922 sq.
920 1840 1092 1925 explicata.
1137 1836 1210 1924 Ipse
1230 1836 1364 1922 Jupiter
1384 1846 1514 1913 autem,
1543 1833 1637 1912 cujus
1660 1829 1749 1891 filiae
1770 1825 1849 1888 illae
1869 1821 1919 1885 di·

196 1970 334 2037 cuutur,
357 1960 392 2019 iu
412 1957 567 2041 precibus
587 1967 697 2020 sextae
718 1957 850 2019 tabulas
870 1956 947 2019 Dei
969 1956 1154 2019 Grabovi
1180 1959 1251 2018 sive
1271 1954 1323 2015 Di
1345 1953 1553 2016 Grabovie
1581 1952 1765 2012 invocatur.
1808 1938 1919 2020 Hujus

193 2077 339 2139 vocativi
359 2085 493 2156 etymon
513 2094 578 2136 nou
600 2074 681 2153 Dis,
703 2072 760 2136 sed
781 2074 880 2151 Δῖος
901 2094 969 2137 esso
990 2073 1125 2137 videtur
1145 2073 1207 2148 (sic
1229 2075 1329 2149 enim,
1352 2081 1433 2134 teste
1444 2068 1614 2152 Hesychio
1634 2086 1659 2132 s.
1682 2086 1714 2128 v.
1726 2053 1918 2134 Δωδωνεύς,

194 2188 278 2269 Ζεὺς
296 2203 432 2255 vocatus
454 2195 525 2270 est),
547 2190 635 2253 unde
656 2190 775 2253 Umbri
796 2191 966 2254 Diovem
987 2194 1058 2252 sive
1078 2190 1099 2253 J
1106 2209 1217 2253 ovem
1238 2192 1390 2251 fecerunt
1412 2189 1468 2265 (cl.
1482 2186 1569 2249 Gell.
1582 2183 1625 2252 N.
1638 2182 1731 2260 LV,
1743 2181 1792 2245 12.
1814 2167 1915 2238 Varr-

193 2310 234 2376 L.
257 2310 298 2374 L.
321 2309 366 2388 V,
389 2311 416 2384 §.
438 2310 520 2386 66.),
553 2311 641 2372 sicut
670 2309 814 2371 Fisovi
846 2303 971 2371 San⁸si
992 2305 1054 2386 VI,
1077 2328 1108 2386 a,
1130 2311 1160 2373 5.
1193 2325 1255 2392 pro
1287 2306 1378 2368 I'iso
1408 2301 1554 2368 San⁸sie
1580 2302 1642 2380 VI,
1664 2303 1746 2378 1,,3.
1780 2297 1917 2383 legitor,

195 2427 335 2491 Romani
366 2437 475 2489 autem
496 2426 617 2487 Ianum
649 2413 715 2488 tam
737 2425 971 2488 Clusiuium
1003 2444 1102 2505 quam
1123 2422 1311 2485 Clusium
1341 2422 1512 2484 vocabant.
1566 2418 1681 2501 Itaque
1708 2413 1918 2479 Grabovis

193 2563 324 2627 quoque
345 2541 523 2627 appellatio
544 2561 611 2604 non
632 2553 681 2604 est
702 2531 721 2603 e
740 2543 835 2605 bovis
856 2544 990 2603 nomine
1011 2543 1208 2624 compotita:
1232 2559 1329 2623 quam
1351 2537 1485 2622 quidem
1500 2539 1694 2599 sententiam
1715 2531 1917 2595 inIlhcnano

194 2661 313 2722 Museo
336 2658 539 2745 philologico
571 2680 600 2720 a.
626 2661 716 2724 1833.
738 2679 810 2746 pag·
834 2660 905 2725 376.
939 2668 1079 2742 propter
1098 2656 1200 2720 boum
1220 2658 1381 2719 sacrificia
1402 2678 1422 2719 a
1440 2657 1598 2719 Lassenic
1619 2655 1822 2739 propositam
1843 2667 1918 2711 ceu·

193 2795 248 2838 sor
280 2778 349 2852 ejus
370 2777 538 2856 Benaryus
569 2779 606 2837 ln
633 2775 750 2837 Annal.
781 2777 928 2838 Berolin.
962 2796 991 2836 a.
1023 2777 1113 2842 1834.
1144 2774 1225 2862 Aug.
1253 2774 1315 2838 Nr.
1345 2777 1395 2840 32.
1429 2776 1527 2836 nimis
1559 2783 1683 2836 temere
1709 2767 1915 2854 approbavit

193 2892 304 2974 Quum
325 2903 391 2954 tres
412 2889 461 2953 dii
483 2892 695 2956 Graboves
716 2892 887 2973 dicautur,
908 2893 1049 2972 Jovis,
1080 2892 1192 2955 Mars
1212 2903 1245 2954 et
1266 2893 1445 2972 Vofiou,
1469 2913 1612 2976 quorum
1633 2892 1686 2952 illi
1707 2889 1795 2966 duo,
1822 2886 1917 2970 Jupi-

193 3019 246 3073 ter
267 3021 301 3071 et
320 3009 430 3086 Mars,
462 3012 630 3093 principes
649 3013 785 3073 fuerunt
805 3013 841 3072 in
863 3011 1134 3089 lustrationibus,
1172 3011 1265 3094 quasi
1286 3006 1366 3074 θεοὶ
1387 3005 1560 3074 δυνατοί
1584 3012 1655 3072 sire
1675 3006 1774 3071 Diri
1794 3014 1915 3089 potes

192 3123 371 3189 secuudum
402 3125 591 3189 Varronem
622 3127 662 3191 L.
695 3129 734 3191 L.
767 3128 813 3207 V,
846 3127 873 3210 6.
904 3130 968 3207 67,
1000 3127 1151 3210 equidem
1182 3126 1428 3214 Κραταιούς
1459 3130 1631 3215 intelligo,
1664 3145 1745 3210 quos
1776 3124 1915 3184 Romani

193 3240 418 3319 Gradivus,
441 3245 528 3306 sicut
547 3239 699 3322 Αχαιοὺς
719 3244 899 3307 Achivos
921 3243 1088 3307 dicebant:
1111 3264 1217 3328 neque
1239 3247 1326 3324 scic,
1349 3265 1391 3306 an
1411 3244 1644 3328 Marspedis
1665 3248 1734 3307 sive
1756 3241 1914 3323 Maspe·

192 3359 274 3438 dis,
298 3363 355 3441 qui
376 3358 457 3441 quid
475 3360 638 3447 significet
658 3363 693 3422 in
713 3365 904 3445 precatione
925 3361 1175 3440 solitaurilium,
1198 3363 1292 3423 Festo
1314 3371 1414 3439 teste,
1437 3382 1477 3425 ne
1494 3361 1636 3429 Messala
1657 3357 1789 3443 quidem
1809 3373 1915 3444 augur

193 3481 344 3561 reperire
374 3495 409 3539 se
440 3480 586 3561 potuisse
615 3481 780 3561 professus
802 3491 866 3557 est,
899 3480 1009 3542 Mars
1040 3483 1153 3564 potis
1185 3483 1255 3542 sive
1278 3479 1485 3542 Gradivus
1516 3476 1782 3563 interpretandus
1802 3479 1862 3552 sit,
1895 3494 1915 3535 a

192 3597 286 3675 cujus
317 3597 529 3657 veneratione
550 3591 679 3658 Tuders
711 3596 800 3680 apud
827 3595 888 3660 Sil.
912 3597 952 3661 It
981 3597 1042 3675 IV,
1065 3600 1138 3661 222.
1172 3598 1248 3659 coll.
1271 3596 1367 3677 VIII,
1395 3600 1465 3663 464.
1500 3595 1771 3659 G'radivicola
1802 3593 1914 3679 appol·

191 3712 292 3776 latur.
338 3709 619 3793 Quemadmodum
640 3713 779 3775 Romani
800 3725 867 3777 tres
888 3711 966 3776 deos
988 3715 1146 3777 tutelares
1167 3715 1337 3794 colebant,
1370 3715 1391 3776 J
1398 3735 1529 3792 ovem,
1551 3714 1749 3791 Martem,
1772 3712 1913 3794 Quiri·

192 3850 301 3907 uum,
335 3831 454 3911 quibus
480 3841 614 3914 praeter
641 3832 789 3893 flamines
810 3830 942 3909 Diales,
974 3832 1166 3909 Martiales,
1200 3832 1406 3913 Quirinales,
1437 3842 1521 3895 teste
1542 3831 1660 3895 Servio
1689 3830 1731 3894 ad
1750 3831 1848 3918 Virg.
1871 3829 1909 3891 A.

190 3947 287 4025 VIII,
299 3950 369 4014 663.
392 3949 576 4034 peculiares
598 3967 729 4032 quoquc
739 3947 823 4012 Salii
844 3953 980 4033 ascripti
1001 3952 1154 4029 luerunt3
1175 3952 1224 4011 sic
1239 3950 1356 4012 Umbri
1377 3960 1443 4015 tres
1466 3948 1732 4029 deosGraboves,
1755 3946 1909 4027 Jovsm,

190 4065 384 4144 Martem,
406 4067 645 4145 Vosionem,
669 4085 811 4149 quorum
831 4078 1034 4151 postremum
1054 4069 1232 4129 Faunum
1252 4068 1417 4154 intelligo,
1440 4089 1537 4151 quem
1558 4069 1683 4149 Latini,
1705 4068 1909 4156 Faunigenae

190 4186 300 4246 vocati
328 4182 428 4248 aSil.
452 4182 494 4249 It.
516 4184 562 4263 V,
575 4159 612 4250 ⁴7.
636 4194 671 4248 et
690 4182 785 4262 VIII,
806 4187 898 4263 358,
928 4206 1054 4260 summa
1074 4188 1287 4248 veneratione
1308 4187 1502 4265 coluerunt,
1531 4189 1618 4251 sicut
1638 4187 1776 4251 llomani
1797 4188 1909 4270 Quiri-

189 4320 289 4377 num,
321 4299 471 4364 Lactant.
501 4300 528 4377 I,
552 4303 620 4366 15.:
655 4298 859 4384 eundemque
877 4302 999 4366 Martis
1027 4297 1134 4364 lilium
1161 4292 1336 4367 ediderunt
1355 4303 1534 4388 Dionysius
1563 4305 1590 4384 1,
1611 4306 1661 4373 31.
1691 4317 1725 4368 et
1744 4305 1910 4391 Appiauua

189 4418 225 4477 in
246 4421 409 4501 excerptis
430 4416 541 4479 Photii
563 4420 603 4478 fr.
628 4422 656 4481 1.

352 4536 402 4599 26.
446 4535 548 4596 Fauni
569 4535 732 4619 Luperci,
764 4554 863 4618 quem
884 4533 1022 4599 Ovitlius
1053 4536 1087 4597 F.
1116 4537 1161 4617 11,
1182 4540 1242 4605 tol
1275 4556 1342 4622 sqq.
1377 4540 1454 4602 coll.
1486 4541 1603 4606 Horat
1634 4545 1790 4620 6.1,17.
1823 4543 1909 4605 Pana

190 4650 356 4732 Lycaeum
370 4649 537 4713 Arcadum
558 4655 808 4737 interpretatur,
830 4655 900 4715 fera
920 4652 1079 4737 quaedam
1099 4654 1254 4718 sodalitas
1275 4667 1309 4719 et
1329 4658 1426 4742 plane
1446 4660 1624 4741 pastoricia
1644 4669 1741 4743 atque
1758 4663 1907 4746 agrestia

190 4775 227 4829 ut
248 4765 367 4831 Cicero
387 4771 522 4853 scripsit
540 4790 604 4854 pro
624 4768 714 4833 Coel.
740 4774 809 4850 11.,
841 4781 917 4834 ante
938 4781 987 4835 est
1006 4775 1158 4835 instituta
1178 4792 1276 4855 quam
1296 4775 1479 4837 humanitas
1501 4784 1600 4859 atque
1621 4777 1721 4865 leges.
1764 4774 1910 4842 Fuerunt

190 4893 300 4948 autem
320 4883 385 4949 duo
395 4887 628 4973 Lupercorum
648 4887 791 4969 ordines,
813 4908 956 4972 quorum
977 4891 1064 4954 alter
1072 4891 1293 4955 Fabiorum
1314 4889 1493 4957 secuudum
1503 4892 1662 4959 Ovidium
1681 4893 1714 4957 F.
1728 4893 1772 4975 11,
1783 4894 1846 4964 377
1860 4912 1905 4979 sq.
