4244 5722
1043 603 1082 618 ..
1124 574 1164 639 η
1202 603 1246 619 -
1317 610 1322 621 .

448 735 499 801 18.
540 732 579 794 lu
606 734 757 796 omnibus
783 733 835 797 bis
862 734 1013 797 versibus
1032 737 1249 820 imperativus
1278 752 1388 821 pase
1409 736 1480 798 sive
1501 750 1628 818 pesse
1647 730 1682 797 b.
1702 733 1908 812 asscito,
1947 738 2008 798 sui

284 866 349 912 nou
371 848 485 912 eodem
506 869 636 935 semper
657 850 750 930 loco,
778 860 811 914 et
831 854 867 913 in
887 855 998 937 primo
1017 873 1118 916 versu
1142 872 1218 915 cum
1238 854 1318 936 ipsis
1339 853 1486 914 victimis
1505 850 1585 914 lovi
1604 847 1753 914 Grabovi
1773 853 2005 936 postpositum,

284 966 417 1054 legitur.
460 967 602 1031 Variant
621 969 769 1051 reliqua,
790 971 827 1030 iu
847 971 968 1052 quibus
985 970 1162 1032 Lusseuius
1181 972 1218 1032 in
1232 969 1389 1033 Rhenano
1399 968 1521 1032 Museo
1538 968 1744 1056 philologico
1765 988 1794 1030 a
1819 970 1910 1036 1833.
1930 991 2006 1059 pag.

283 1084 367 1161 ³7⁷,
390 1086 565 1171 ignorans,
587 1088 722 1149 facito
742 1106 804 1170 pro
826 1088 1035 1150 immolato
1056 1090 1180 1151 rectius
1201 1107 1278 1150 cum
1298 1088 1461 1166 ablativo,
1483 1107 1582 1170 quum
1604 1106 1681 1148 cum
1702 1088 1907 1180 accusativo,
1928 1108 2009 1151 con-

282 1202 383 1278 strui,
410 1204 498 1264 miro
520 1201 662 1285 quodam
682 1224 799 1267 errore
820 1204 982 1267 ablativos
1002 1206 1095 1284 but,
1116 1208 1185 1286 sii,
1207 1205 1357 1268 hubiua
1377 1216 1441 1269 cet.
1461 1226 1523 1290 pro
1545 1207 1758 1283 accusativis,
1787 1202 1918 1293 Fabae
1934 1208 2005 1271 sive

281 1319 462 1394 ver(e)ir
492 1341 510 1382 e
542 1325 711 1384 contrario
739 1342 820 1410 puga
834 1326 906 1389 379.
934 1343 996 1407 pro
1027 1323 1174 1386 ablativo
1205 1325 1341 1407 accepit
1394 1322 1564 1409 Virgilius
1593 1323 1662 1386 Ecl.
1688 1321 1758 1401 ¹III,
1785 1325 1836 1387 77.
1867 1323 2004 1385 cecinits

283 1435 393 1516 „Cvim
413 1440 532 1501 faciam
552 1440 692 1502 vitula
719 1460 782 1525 pro
810 1442 978 1528 fnlgibus,
1010 1443 1081 1526 ipse
1099 1439 1251 1520 venito,“
1281 1443 1369 1505 sicut
1393 1440 1556 1502 Horatius
1585 1438 1620 1502 C.
1646 1439 1855 1523 1,4,11sq.
1884 1439 2008 1520 „Nunc

283 1564 316 1616 et
336 1557 371 1616 in
390 1556 555 1619 simbrosis
575 1558 687 1619 Fuunvi
709 1557 806 1620 decet·
823 1559 997 1622 immolire
1017 1561 1119 1638 luicis,
1152 1579 1211 1621 seu
1231 1559 1344 1642 poscat
1364 1557 1482 1645 sigua,
1511 1558 1582 1619 sive
1603 1557 1700 1619 milit
1720 1554 1886 1623 haedo.“
1940 1557 2009 1621 Etsi

282 1681 376 1735 vetus
397 1677 562 1758 interpres
582 1676 754 1738 luvenalis
774 1673 817 1737 ad
837 1674 905 1739 Sat.
928 1675 988 1741 IX.
1002 1677 1143 1764 Virgilii
1164 1697 1299 1739 versum
1319 1678 1368 1738 sic
1388 1676 1547 1759 protulit:
1571 1674 1656 1737 Cum
1677 1676 1795 1735 faciam
1815 1674 2008 1754 vitulum,

282 1799 380 1874 atque
401 1791 593 1855 Macrobius
614 1791 682 1859 Sat.
706 1793 766 1870 111,
791 1796 839 1859 ltt.
862 1794 1052 1857 Labeonem
1071 1796 1240 1878 scripsisse
1261 1791 1362 1871 dicit,
1384 1795 1449 1854 nisi
1469 1791 1644 1875 Neptuno,
1665 1791 1817 1875 Apollini
1837 1801 1871 1854 st
1889 1790 2008 1870 Maru,

283 1917 443 1972 taurum
473 1931 542 1974 non
571 1912 757 1989 immolari3
790 1909 879 1973 idem
907 1922 1016 1974 tamen
1044 1911 1167 1974 ibidem
1194 1912 1343 1994 scripsit:
1373 1908 1411 1971 Si
1432 1912 1505 1990 quis
1526 1911 1614 1971 forte
1634 1917 1758 1998 tauro
1777 1908 1859 1971 Jovi
1878 1910 2006 1989 lecerit,
2044 1975 2047 1979 ,

282 2027 450 2110 piaculum
471 2027 565 2106 dato,
586 2027 675 2107 Ateji
697 2027 865 2111 Capitonis
886 2049 1019 2092 versum
1040 2027 1193 2090 laudans:
1216 2028 1334 2110 Itaque
1351 2028 1430 2090 Jovi
1451 2027 1566 2104 tauro,
1593 2044 1709 2104 verre,
1737 2028 1857 2105 ariete,
1890 2027 2006 2090 hmo·

281 2142 346 2204 luri
367 2146 433 2206 min
454 2146 540 2209 licet
583 2147 681 2207 Licet
697 2145 991 2207 Drakenborchius
1011 2148 1117 2231 igitur
1137 2143 1178 2206 ad
1198 2145 1275 2208 Liv.
1298 2144 1325 2222 I,
1347 2148 1397 2209 45.
1422 2154 1455 2205 et
1475 2144 1518 2222 X,
1538 2146 1589 2209 42.
1611 2145 1750 2205 lacere
1772 2141 1813 2206 de
1833 2163 1871 2206 re
1893 2143 2008 2208 diviua

251 2302 253 2304 -
281 2272 473 2345 usurpatum
504 2274 537 2326 et
568 2265 790 2325 accusativum
822 2272 855 2324 et
875 2263 1057 2324 ablativum
1087 2260 1280 2341 adjunctum
1301 2262 1440 2339 habere,
1473 2261 1658 2348 Virgilium
1679 2281 1760 2323 vcro
1781 2265 2007 2326 accusativum

280 2380 455 2441 vitulam
476 2380 517 2441 ob
537 2382 609 2441 soni
625 2379 822 2466 elegantiam
841 2389 917 2462 post
933 2381 1084 2440 faciam
1103 2381 1266 2462 respuisse
1278 2382 1461 2457 censuerit3
1482 2377 1675 2471 Macrobius
1687 2387 1795 2439 tamen
1805 2375 1871 2441 Sat.
1885 2377 2007 2459 111‚2=

282 2493 577 2575 „Memiuerimus,
608 2498 736 2578 inquit,
768 2499 816 2557 sic
843 2494 1018 2582 legendum
1038 2517 1099 2580 per
1119 2497 1318 2559 ablativum:
1350 2494 1434 2558 Cum
1455 2498 1574 2558 faciam
1600 2496 1738 2559 vitula
1758 2515 1819 2579 pro
1839 2496 2006 2585 frugibus,

282 2610 396 2692 idest,
420 2635 495 2675 cum
517 2616 636 2675 faciam
657 2633 729 2674 rem
750 2612 908 2691 divinam,
930 2634 996 2675 non
1019 2634 1107 2692 ove,
1129 2635 1196 2675 non
1218 2634 1361 2698 capra,
1383 2611 1440 2678 ssd
1461 2614 1609 2676 vitula:
1633 2623 1785 2694 tanquam
1806 2609 1905 2692 dicut,
1927 2634 2007 2677 cum

281 2730 457 2793 vitulam
488 2753 549 2815 pro
582 2732 732 2819 frugibus
764 2732 1010 2810 sacrificavero,
1042 2730 1131 2812 quod
1162 2741 1226 2810 est,
1260 2751 1336 2793 cum
1355 2731 1493 2793 vitula
1514 2750 1585 2793 rem
1605 2728 1753 2792 divinam
1774 2729 1911 2794 fecero“
1963 2731 2005 2794 Iu

281 2846 429 2934 Iguvinis
449 2849 571 2914 tabulis
593 2847 760 2911 interdum
781 2850 1005 2910 accusativum
1026 2867 1157 2930 quoque
1178 2867 1271 2932 posse
1292 2851 1416 2933 accipi,
1438 2845 1528 2948 haud
1547 2850 1754 2934 negaverim,
1776 2858 2008 2911 vermtamen

281 2965 434 3027 abrons
455 2969 490 3027 iu
512 2970 608 3050 pulo
629 2967 778 3028 abrons
804 2952 997 3052 facus-ent
1018 2965 1096 3045 VII,
1119 2987 1150 3044 a,
1171 2970 1221 3032 43.
1245 2986 1306 3049 pro
1329 2985 1424 3050 neos
1445 2963 1591 3052 undae>
1614 2963 1779 3051 φακερεντ
1800 2965 1861 3045 IV,
1883 2968 2004 3044 1,3s-‚

280 3086 367 3146 sicut
387 3085 432 3164 V,
455 3106 483 3164 a,
507 3089 556 3148 ll.
590 3081 752 3166 addara
783 3104 845 3165 pro
877 3102 1065 3169 aprugno
1096 3094 1129 3145 et
1154 3084 1215 3162 III,
1237 3085 1270 3161 b,
1294 3086 1333 3147 12
1354 3093 1388 3144 et
1410 3085 1457 3147 17.
1492 3083 1691 3144 cabriucr
1722 3058 2004 3168 procaprinis

281 3200 459 3286 pecudibus
481 3205 624 3286 positum
647 3211 710 3279 est,
741 3220 804 3284 pro
826 3202 1029 3284 aprugnis
1051 3211 1223 3261 exaratum
1244 3211 1343 3283 puto:
1365 3221 1426 3262 nec
1448 3199 1581 3288 u<iFsa
1609 3223 1633 3262 s.
1658 3199 1768 3287 uchu
1788 3220 1937 3278 eo'rsrsa,
1960 3199 2003 3265 de

280 3323 400 3401 quoin
422 3322 593 3404 superiore
615 3318 777 3402 particula
799 3317 826 3400 ξ.
850 3318 899 3380 22.
924 3316 1054 3379 locutus
1074 3337 1165 3393 sum,
1196 3317 1237 3378 ab
1260 3320 1487 3380 arvio.letu
1508 3317 1629 3382 differt.
1672 3317 1710 3379 Si
1729 3338 1790 3401 pro
1812 3338 1880 3402 εαφ
1903 3318 2004 3384 stass

279 3432 337 3517 eds
359 3436 560 3526 ακερενιε
581 3436 644 3515 IV,
667 3456 696 3511 a,
718 3438 758 3500 42
780 3455 824 3515 sq.
848 3435 1103 3494 acersoniem
1124 3437 1214 3497 fetu
1235 3433 1313 3510 vlt,
1336 3454 1365 3512 a,
1387 3437 1428 3498 52
1449 3455 1495 3517 sq.
1519 3439 1680 3518 scriptum
1701 3445 1760 3512 est,
1782 3435 1846 3497 hoc
1867 3437 1905 3498 iu
1924 3456 2001 3500 casu

281 3555 381 3616 locali
401 3576 462 3639 pro
484 3555 739 3616 acesoniame
761 3551 821 3630 VI,
844 3571 875 3629 a,
896 3554 948 3617 52.
971 3554 1040 3613 sive
1062 3548 1344 3637 ακερενιαμεμ
1365 3551 1426 3629 IV,
1450 3571 1480 3629 a,
1504 3556 1553 3617 16.
1576 3555 1720 3637 positum
1741 3550 1895 3630 videtur,
1923 3556 2004 3637 quia

281 3691 385 3754 neque
416 3672 591 3759 singularis
623 3689 779 3731 uumerus
810 3689 884 3729 cum
912 3668 1076 3729 numerali
1096 3665 1207 3754 rosto)
1231 3670 1342 3756 jungi,
1375 3689 1481 3751 neque
1506 3671 1686 3732 turificatio
1708 3690 1768 3754 per
1789 3690 1906 3733 vaccas
1923 3671 1999 3734 ficri

278 3798 393 3873 potest.

441 3910 491 3972 19.
535 3903 631 3987 Quod
652 3903 693 3966 ad
713 3907 783 3987 ipsa
804 3905 966 3986 sacrificia
986 3907 1120 3982 attinet,
1150 3904 1214 3966 hoc
1236 3906 1401 3988 imprimis
1421 3903 1621 3967 monendum
1641 3915 1733 3989 puto,
1766 3864 1911 3986 quodid
1931 3906 2001 3968 illis

279 4026 345 4085 tria
375 4043 503 4109 semper
534 4024 690 4084 animalia
721 4026 858 4084 mactari
890 4022 1084 4102 jubeantur,
1117 4042 1218 4104 quum
1250 4025 1285 4083 in
1316 4023 1455 4104 reliquis
1488 4023 1609 4086 tabulis
1640 4025 1771 4085 nonnisi
1800 4021 1841 4086 de
1859 4024 2001 4110 singulis

278 4144 422 4204 victimis
454 4161 562 4203 sermo
593 4144 644 4203 sit.
698 4140 838 4225 Propter
868 4141 991 4224 triplex
1021 4140 1085 4200 hoc
1111 4140 1300 4223 piaculum,
1332 4138 1528 4203 nticula
1548 4136 1740 4226 τριβριζυ
1762 4138 1826 4218 III,
1845 4159 1877 4218 a,
1895 4143 1916 4207 8
1936 4160 2000 4223 sq„

279 4256 356 4322 cum
379 4261 577 4323 mactatione
605 4259 750 4341 triplici,
784 4258 1003 4321 comohota
1023 4257 1249 4319 tribrisine
1270 4256 1333 4334 VI,
1355 4256 1387 4336 b,
1408 4258 1471 4333 ss,
1494 4258 1635 4336 factum,
1667 4276 1733 4319 non
1754 4276 1870 4340 preces
1889 4256 2000 4321 solum

278 4378 340 4455 v1,
361 4379 394 4457 b,
415 4380 535 4445 25·55.
567 4387 619 4440 ter
639 4385 851 4463 repetuntur,
884 4374 941 4437 sed
971 4376 1037 4436 alia
1067 4394 1197 4457 quoque
1223 4373 1357 4436 adrem
1379 4373 1525 4438 divinam
1546 4378 1737 4437 necessaria.
1781 4373 2000 4456 Quemadmo-

278 4495 356 4558 dum
386 4499 560 4582 postremis
590 4494 744 4577 precibus
764 4493 845 4571 VII,
866 4514 896 4571 a,
917 4497 968 4559 51.
1001 4490 1137 4554 additur
1168 4502 1254 4554 este
1281 4494 1444 4575 triepcr
1464 4488 1597 4570 deitu,
1613 4477 1616 4484 ‘
1630 4492 1662 4553 h.
1686 4512 1716 4554 e.
1738 4493 1800 4553 ista
1821 4502 1876 4555 ter
1895 4490 1999 4555 dicito

278 4617 333 4690 (cf.
356 4615 402 4693 V,
423 4616 456 4693 b,
477 4613 544 4691 25),
567 4622 600 4674 et
620 4612 682 4690 VI,
705 4631 734 4690 a,
757 4613 806 4676 55.
829 4613 1034 4694 praecipitur
1055 4613 1219 4693 trioper
1240 4609 1386 4672 ehetur
1405 4610 1608 4687 stabam,
1630 4609 1661 4672 la
1684 4629 1712 4672 e.
1735 4619 1787 4672 ter
1810 4610 1997 4675 ovationim

280 4724 448 4813 (εὐασμόν)
470 4733 649 4793 instituito:
672 4732 721 4790 sic
741 4728 801 4809 tv,
824 4749 854 4808 a,
877 4731 915 4792 21
938 4750 985 4810 sq.
1007 4731 1167 4814 scriptum
1188 4729 1331 4814 legimus
1348 4724 1548 4815 τριιεπεῤ
1569 4726 1768 4816 αμπρεὗτε,
1795 4704 1997 4819 sdstaxsd

281 4872 439 4931 πεσνιμε,
471 4845 670 4937 cottana&
692 4868 791 4912 asora
813 4848 983 4923 Ικυῖινες,
1018 4845 1050 4906 h.
1076 4866 1103 4909 a
1128 4856 1183 4910 ter
1202 4855 1429 4921 concremato,
1460 4856 1513 4910 tsr
1532 4856 1704 4931 precator,
1736 4856 1789 4910 ter
1808 4845 1993 4931 bmadieito
