4244 5722
599 1300 1483 1416 Praefatio.

826 1619 1113 1633 „anun-‘n
1116 1619 1243 1631 ,αι-..-

326 1889 556 2023 Absolutis
581 1944 805 2023 rudimentis
829 1939 1200 2040 linguanmbricae,
1225 1947 1405 2038 qnatenus
1429 1957 1476 2014 ex
1491 1929 1796 2033 inscriptionibus
1820 1927 1912 2003 anti·
2008 1912 2013 1918 ’

164 2082 248 2179 quis
273 2083 426 2158 enodari
450 2109 472 2159 a
494 2108 559 2159 me
570 2092 782 2182 potuerunt,
806 2082 909 2156 idem
930 2078 1141 2178 periculum
1166 2079 1206 2150 in
1219 2074 1318 2151 Osco
1346 2097 1517 2148 sermone
1540 2067 1752 2145 extricando
1775 2065 1912 2141 iacien-

162 2215 256 2291 dum
280 2221 427 2315 putavi:
452 2221 548 2315 inter
558 2229 755 2317 utramque
780 2200 883 2291 enim
896 2216 1063 2304 linguam
1086 2221 1185 2285 tanta
1197 2208 1392 2282 intercedit
1417 2206 1636 2298 similitudo,
1660 2210 1715 2298 ut,
1733 2198 1913 2300 quicquid

135 2434 141 2445 ,
170 2351 306 2424 incerti
341 2350 525 2436 relinquat
559 2340 687 2412 Latini
723 2340 907 2409 sermonis
944 2335 1097 2424 notitia,
1138 2358 1184 2406 ex
1215 2332 1398 2406 Umbrica
1432 2337 1541 2407 facile
1573 2340 1692 2428 possit
1711 2332 1912 2408 illustrari.

164 2479 351 2550 oscarum
377 2471 530 2567 quidem
555 2467 855 2563 inscriptionum,
881 2488 975 2562 quae
1000 2474 1154 2557 exutam,
1179 2489 1256 2538 non
1280 2464 1384 2539 idem
1408 2474 1465 2539 est
1489 2466 1663 2558 ambitus,
1688 2466 1755 2563 qui
1776 2489 1847 2539 nos
1870 2466 1913 2539 in

162 2606 335 2682 eruendis
358 2603 549 2681 Umbricis
573 2601 736 2677 multum
759 2600 923 2695 adjuvit,
948 2601 1013 2676 sed
1038 2611 1297 2698 praeterquam
1323 2600 1424 2697 quod
1449 2610 1665 2696 argumenta
1679 2623 1808 2675 earum
1833 2601 1913 2675 sine

162 2741 239 2814 ulla
264 2739 483 2815 difficultate
509 2738 710 2833 dijudicare
724 2735 824 2830 licet,
848 2745 926 2809 tam
950 2735 1069 2809 multa
1093 2735 1365 2833 quoquevariis
1389 2736 1514 2810 modis
1539 2735 1694 2832 repetita
1716 2735 1913 2810 inveniun-

163 2884 236 2967 tur,
262 2885 306 2949 ut
329 2898 351 2949 e
376 2875 596 2971 comparatis
620 2869 714 2947 locis
728 2870 915 2945 similibus
940 2870 1032 2946 certi
1055 2869 1197 2968 aliquid
1213 2870 1259 2944 de
1284 2870 1467 2944 sermonis
1491 2870 1619 2945 indole
1643 2870 1755 2945 statui
1779 2872 1911 2971 possit.

165 3011 295 3092 Quum
320 3021 445 3085 autem
468 3034 546 3084 non
569 3009 612 3083 in
635 3005 744 3084 Italia
777 3006 903 3082 solum
936 3005 1111 3080 inferiore
1137 3001 1320 3102 Campani
1352 3015 1391 3079 et
1415 3002 1603 3081 Samnites
1635 3030 1726 3080 cnm
1748 3005 1912 3082 Lucanis

166 3155 277 3242 atque
309 3144 487 3235 Bruttiis,
526 3165 660 3215 verum
695 3141 810 3215 etiam
846 3142 888 3213 in
922 3136 1052 3214 Sicilia
1089 3138 1305 3214 Mamertini
1339 3140 1547 3213 Messanam
1581 3139 1787 3218 incolentes
1814 3141 1912 3218 Osce

163 3277 278 3351 locuti
303 3278 391 3370 sint,
416 3275 539 3350 variae
565 3276 784 3351 exstiterunt
807 3272 977 3350 dialectis
1003 3296 1117 3370 qnare
1142 3296 1292 3347 necesse
1316 3280 1384 3368 est,
1408 3284 1452 3348 ut
1475 3297 1552 3349 non
1575 3285 1747 3373 tempora
1771 3275 1911 3371 solum,

164 3413 231 3488 ssd
254 3409 357 3487 locos
382 3433 531 3510 qnoque
555 3412 823 3503 discernamus,
859 3409 997 3508 quibus
1020 3408 1291 3506 inscriptiones,
1315 3432 1407 3508 quas
1430 3408 1595 3486 Fortuna
1618 3411 1777 3509 benigna
1801 3413 1911 3488 nobis

165 3548 333 3639 servavit,
366 3556 530 3621 exaratae
564 3546 650 3621 sint
687 3544 800 3621 ‘Sunt
830 3542 919 3619 illae
950 3566 1070 3643 neque
1104 3543 1240 3619 iisdem
1269 3542 1401 3640 literis,
1437 3569 1559 3646 neque
1588 3546 1726 3622 iisdem
1756 3572 1910 3645 prorsus

164 3681 430 3756 vocabulorum
453 3680 587 3756 formis
611 3682 847 3779 perscriptae,
871 3688 1131 3780 praetereaque
1146 3702 1222 3754 non
1247 3679 1375 3755 minus
1397 3681 1520 3756 variae
1543 3683 1771 3780 argumentis
1796 3706 1910 3781 quam

164 3816 316 3891 ambitu.
369 3814 536 3892 Maxima
560 3840 648 3913 pars
672 3817 827 3916 quidem
857 3815 899 3891 in
924 3811 1130 3913 Campania
1152 3812 1215 3891 vel
1240 3812 1391 3914 Capuae
1420 3816 1482 3892 vel
1506 3817 1623 3896 Nolae
1646 3816 1709 3895 vel
1733 3818 1910 3895 Hercula·

162 3952 224 4024 nei
248 3962 358 4051 atque
383 3952 574 4049 Pompejis
597 3953 640 4027 in
663 3950 996 4051 lucemprotracta
1020 3962 1087 4045 est,
1121 3951 1185 4026 cui
1207 3951 1360 4027 nummi
1383 3952 1576 4049 accedunt,
1599 3978 1669 4053 per
1691 3963 1810 4031 totam
1833 3955 1911 4030 iere

163 4085 309 4161 ltaliam
332 4086 547 4161 inferiorem
573 4087 729 4163 disemis
743 4089 975 4186 temporibus
998 4086 1137 4161 incusi:
1160 4087 1202 4162 in
1225 4086 1418 4164 nonnullis
1431 4111 1579 4189 qnoque
1602 4068 1909 4189 inscriptionibus

162 4220 221 4295 vel
246 4221 415 4296 nummis
438 4232 516 4299 tam
536 4223 671 4300 Latina
695 4247 808 4323 quam
822 4222 920 4299 Osca
942 4224 1097 4298 nomina
1120 4221 1305 4321 leguntur,
1328 4226 1395 4300 sed
1413 4226 1564 4312 nonnisi
1577 4250 1714 4332 paucae
1740 4237 1828 4302 sunt
1849 4228 1908 4303 in·

162 4357 381 4452 scriptiones
407 4355 525 4433 Oscae
549 4369 627 4436 tam
651 4383 786 4457 magno
818 4359 986 4454 ambitu,
1020 4381 1135 4458 quum
1158 4358 1245 4453 illa,
1277 4380 1374 4461 quae
1399 4359 1551 4438 Graecis
1581 4361 1699 4437 literis
1729 4362 1909 4462 inscripta

163 4491 263 4588 apud
301 4490 511 4569 Messanam
539 4497 582 4570 in
614 4494 744 4571 Sicilia
774 4506 920 4593 reperta
951 4506 1019 4572 est.
1072 4496 1256 4571 Maximae
1290 4495 1464 4572 omnium
1501 4507 1590 4571 sunt
1622 4497 1718 4573 duae
1749 4496 1908 4592 tabulae,

164 4648 322 4723 quarum
349 4625 461 4702 altera
486 4627 594 4702 Oscis
617 4629 736 4705 literis
760 4631 878 4705 incisa
902 4641 958 4705 est
980 4630 1111 4728 lapidi,
1148 4632 1214 4729 qui
1237 4655 1315 4705 non
1338 4629 1471 4730 procul
1502 4632 1550 4705 ab
1575 4632 1674 4706 urbe*
1692 4632 1788 4709 Nola
1809 4633 1908 4708 inter

162 4761 296 4836 rudera
321 4764 455 4838 veteris
479 4764 637 4840 civitatis
648 4765 802 4840 Abellae
826 4768 867 4839 in
883 4762 1089 4865 Campania
1112 4765 1205 4841 olim
1220 4766 1345 4863 jacuit,
1368 4766 1483 4841 altera
1505 4790 1619 4843 aenea
1641 4777 1708 4863 est,
1731 4768 1774 4843 in
1798 4769 1908 4844 rude-

163 4895 267 4972 ribus
290 4896 457 4990 nanctae,
490 4896 633 4974 Lucani
664 4902 808 5001 oppidi,
839 4912 983 5002 reperta
1007 4913 1117 5003 atque
1141 4904 1182 4978 in
1206 4927 1381 4979 museum
1404 4900 1682 4980 Herculanense
1706 4903 1905 5002 deportata.
