4244 5722
624 1816 1572 1928 Praefatiof

997 2138 1028 2145 ....
1069 2132 1257 2147 *-··——⁴——·——0

359 2391 601 2544 Postquam
625 2443 752 2543 priori
785 2444 901 2542 hujus
927 2443 1059 2541 operis
1084 2439 1297 2540 particulae
1329 2441 1372 2518 in
1396 2442 1525 2519 tabula
1551 2443 1714 2541 quadam
1737 2442 1921 2544 lithogra-

197 2597 312 2692 phica
337 2595 585 2694 alphabetum
608 2593 835 2670 Umbricum
866 2594 1005 2695 adjeci,
1037 2594 1116 2693 jam
1148 2591 1347 2669 literarum
1380 2592 1463 2669 soni
1496 2618 1585 2670 oum
1619 2595 1757 2672 ceteris
1789 2596 1920 2691 rebus,

195 2772 293 2844 quae
318 2747 366 2821 ad
382 2747 568 2822 elementa
581 2744 849 2845 grammaticae
864 2744 1071 2846 pertinent,
1097 2756 1283 2844 quatenus
1304 2747 1390 2823 fieri
1405 2755 1549 2847 potest,
1575 2773 1623 2823 ex
1638 2747 1921 2848 comparatione
2035 2792 2041 2801 ·

195 2888 353 2996 quartae
365 2897 551 2997 Iguvinae
575 2898 729 2975 tabulae
745 2924 834 2976 cum
848 2908 953 2975 sexta
977 2895 1214 2998 septimaque
1228 2898 1394 2974 eruendi
1418 2909 1519 2976 sunt.
1554 2901 1737 2983 Quartam
1748 2901 1851 2977 illam
1867 2910 1920 2977 ta·

193 3048 335 3143 bulam,
359 3032 468 3128 istius
484 3053 545 3129 rei
569 3075 681 3128 causa
700 3052 743 3128 in
759 3051 858 3127 hano
881 3049 1109 3152 particulam
1133 3061 1376 3145 reservatam,
1401 3061 1520 3126 totam
1545 3051 1699 3150 quidem
1715 3054 1919 3150 exhibebo,

194 3227 217 3277 e
233 3212 338 3277 sexta
352 3229 446 3279 vero
462 3212 577 3303 atque
591 3205 751 3304 septima
769 3229 814 3280 ea
827 3203 919 3296 sola,
945 3190 1055 3302 quae'
1062 3201 1260 3278 vocabulis
1278 3213 1448 3300 quartae,
1474 3203 1555 3280 sive
1572 3229 1645 3303 per
1660 3207 1795 3282 eadem
1808 3232 1918 3308 pror-

192 3379 268 3450 sus,
282 3355 364 3432 sive
378 3380 454 3456 per
467 3379 678 3457 synonyma
703 3355 835 3450 verba,
860 3355 1106 3455 respondent.
1132 3353 1192 3428 Ex
1203 3352 1357 3429 indiciis
1372 3379 1564 3450 versuum,
1591 3356 1631 3432 in
1649 3360 1790 3458 quibus
1806 3386 1918 3436 voca-

190 3506 283 3583 bula
297 3532 471 3607 quaeque
494 3506 639 3607 scripta
654 3504 853 3607 leguntur,
882 3507 1228 3608 comparandorum
1243 3506 1353 3582 initia
1386 3517 1550 3605 propter
1579 3510 1716 3606 ῧστερον
1736 3511 1916 3608 πρότερον,

191 3661 299 3759 quod
312 3662 503 3736 Bonarota
515 3660 621 3756 lecit,
646 3661 726 3738 tab.
740 3661 808 3755 IV,
818 3659 857 3735 b.
867 3669 907 3735 et
919 3661 987 3754 vl,
1003 3662 1140 3737 besse
1164 3669 1462 3759 cognoscuntur.
1496 3657 1580 3732 Etsi
1596 3668 1721 3731 autem
1733 3654 1773 3729 in
1787 3655 1916 3731 verbis

191 3812 283 3911 ipsis
309 3811 408 3887 nihil
432 3811 589 3907 mutavi,
623 3811 698 3890 nisi
723 3822 900 3888 annotata
925 3838 1077 3912 semper
1101 3838 1193 3889 vera
1217 3813 1399 3907 lectione,
1431 3820 1556 3885 tamen
1582 3836 1659 3909 quo
1685 3806 1827 3883 clarior
1851 3810 1916 3883 fie-

189 3976 251 4038 ret
275 3964 523 4064 comparatio,
555 3941 678 4064 signa,
703 3928 846 4066 quibiis
869 3965 1057 4042 vocabula
1088 3965 1239 4065 singula
1263 3964 1366 4041 inter
1390 3989 1431 4039 se
1462 3963 1650 4063 distingui
1676 3962 1811 4055 solent,
1846 3960 1916 4038 ubi

189 4080 395 4216 perperam
419 4116 545 4219 posita
569 4127 691 4214 erant,
717 4116 880 4212 correxi,
906 4117 976 4193 ubi
991 4117 1138 4213 omissa,
1164 4118 1360 4193 interdum
1382 4115 1520 4216 adjeci.
1559 4115 1689 4191 Verba
1704 4139 1914 4216 synonymo,
1940 4106 1954 4135 ⁸

189 4291 238 4343 ex
250 4270 391 4368 quibus
405 4270 840 4346 vocabulorumformae
861 4295 1068 4370 sensusque
1081 4270 1294 4365 discuntur,
1308 4271 1357 4344 ab
1372 4268 1606 4370 homonymia,
1632 4291 1705 4366 per
1718 4291 1814 4364 quae
1830 4266 1914 4340 lite-

188 4394 319 4498 rarum
351 4421 437 4498 soni
465 4421 654 4524 imprimis
689 4423 776 4498 erui
808 4433 987 4523 possunt,
1021 4422 1128 4525 typis
1159 4423 1313 4498 mutatis
1346 4419 1615 4520 distinguenda
1648 4420 1803 4517 putavi,
1839 4443 1915 4516 quo

188 4574 340 4651 facilius
364 4573 407 4650 in
431 4575 565 4652 oculos
588 4574 817 4652 inciderent.
868 4573 958 4650 Non
982 4601 1070 4651 raro
1096 4574 1174 4670 illa,
1201 4600 1299 4674 quae
1323 4571 1471 4648 Latinis
1495 4572 1618 4648 literis
1644 4569 1789 4668 scripta
1814 4581 1913 4662 sunt,

191 4725 307 4802 alium
338 4728 618 4805 vocabulorum
650 4728 826 4805 ordinem
861 4738 1087 4827 sequuntur,
1123 4753 1236 4827 quam
1272 4725 1451 4803 Umbrice
1475 4724 1636 4822 scripta:
1675 4746 1719 4796 ea
1745 4720 1914 4820 quidem,

191 4880 282 4979 qnia
312 4906 390 4957 non
423 4880 745 4973 contemnmdum
777 4881 829 4958 ad
859 4850 1215 4982 interpr'intlonem
1248 4903 1360 4956 usum
1389 4877 1598 4980 praebent,
1637 4873 1742 4949 haud
1773 4886 1915 4950 mutata
