4244 5722
1002 623 1044 636 ..
1107 592 1146 656 16
1207 625 1249 637 -

266 781 298 840 a,
319 761 370 826 47.
400 757 515 822 eodem
545 744 655 818 modo‘
671 751 939 842 distinguuntur,
971 775 1038 838 quo
1059 754 1122 834 Vl,
1136 774 1167 837 a,
1182 756 1224 822 39
1244 773 1292 838 sq.
1316 757 1503 836 pesondrom
1527 754 1650 820 sorecle
1677 763 1785 838 etque
1802 754 1993 837 pesosdrosa

160 937 162 942 ,
266 880 410 959 stoflore.
531 932 534 937 .

430 996 462 1059 9.
505 989 713 1056 Persondrom
735 991 862 1070 aperui
882 973 1071 1055 derivatum
1094 990 1164 1052 sine
1191 987 1293 1054 dubio
1322 962 1530 1080 purgationis
1559 1010 1661 1078 genus
1688 990 1869 1076 significat,
1900 987 1994 1074 qnod

268 1131 387 1180 sorsom
408 1109 543 1187 dicitur,
565 1118 725 1191 quatenus
745 1127 809 1192 pro
830 1112 929 1174 sociis
948 1128 1074 1190 operum
1093 1109 1147 1189 fit5
1169 1110 1258 1172 inter
1277 1111 1384 1171 socios
1405 1130 1544 1194 operum
1565 1127 1648 1173 vero
1668 1106 1750 1172 Ceto
1765 1109 1803 1170 u
1815 1108 1853 1173 ll.
1876 1127 1905 1173 c.
1918 1111 1988 1175 ldl.

267 1252 334 1296 non
354 1241 502 1315 pastores
522 1228 649 1306 solum,
678 1224 736 1290 sed
754 1246 860 1311 pecua
880 1247 1011 1310 quoque
1036 1230 1159 1306 refert,
1188 1225 1463 1310 quemadmodum
1490 1229 1591 1291 etiam
1617 1228 1653 1288 iu
1679 1245 1774 1290 sorec
1797 1225 1990 1308 peraccedat,

271 1348 400 1430 Tesroli
417 1346 549 1430 pidoclu
568 1321 747 1423 V1,a,32'.
769 1353 804 1406 et
823 1346 876 1411 34.
898 1365 1014 1429 preces
1035 1364 1096 1428 pro
1117 1347 1205 1417 ciro,
1234 1364 1354 1428 pequo,
1383 1346 1476 1410 liunt.
1518 1344 1633 1428 Itaque
1656 1340 1845 1431 πεσεπρυμ
1865 1342 2014 1432 παφλ-Δ

267 1462 404 1548 etFer)
427 1467 526 1528 etiam
548 1457 657 1549 σερθμ
678 1459 746 1522 dici
766 1454 893 1551 potuit'
908 1482 1094 1545 quanquam
1109 1465 1144 1524 in
1160 1463 1221 1526 illo
1241 1458 1440 1549 νερτρεκθ
1459 1463 1498 1525 fit
1512 1463 1675 1542 lustratio,
1688 1457 1995 1548 quae‘reoedaaa

268 1586 306 1648 fit
322 1569 361 1646 'in
383 1581 491 1672 sabas
511 1576 685 1665 secanda.
707 1581 743 1640 N
745 1567 893 1664 ερτρθμ
914 1599 978 1663 pro
989 1583 1126 1643 sinistro
1146 1582 1240 1662 quasi
1259 1576 1398 1665 σνεριρε
1418 1578 1539 1642 dixisse
1549 1580 1704 1655 Umbros,
1723 1581 1788 1661 jam
1800 1571 1995 1643 insecunds

268 1703 435 1787 particula
455 1698 548 1784 §.hd
561 1699 691 1759 monui:
714 1696 793 1759 hino
813 1692 981 1782 achedeus,
1003 1708 1042 1761 ut
1062 1694 1232 1783 secedens,
1252 1695 1448 1761 adverbium
1469 1707 1518 1760 est
1539 1718 1614 1759 cum
1634 1699 1877 1782 praepositione
1898 1695 1997 1779 ahoe)

269 1820 504 1904 compositum.
548 1814 704 1879 Ceterum
725 1815 938 1905 lustrationes
958 1815 1154 1900 plerumque
1173 1816 1297 1879 fiebant
1316 1817 1569 1880 circumlatione
1589 1815 1704 1880 taedas
1723 1816 1779 1880 vel
1799 1835 1905 1899 aquae
1937 1815 1996 1879 vel

270 1938 408 2002 sulfuris
428 1935 484 1998 vel
504 1936 661 1997 victimae
682 1935 772 1995 circa
793 1952 859 2010 eos,
882 1934 941 2015 qui
961 1932 1188 2017 expiabantur,
1211 1933 1308 2021 Virg.
1330 1933 1369 1998 A„
1392 1930 1452 2013 Vl,
1467 1934 1538 1999 229.
1561 1944 1660 2018 atque
1679 1935 1715 1996 in
1736 1933 1997 2022 agrisurbeque

271 2051 451 2119 lustrandis
473 2050 784 2138 circumagebantur
804 2051 1050 2128 suovimurilia,
1080 2049 1151 2113 Cat.
1174 2051 1212 2112 R.
1232 2051 1273 2114 R.
1296 2053 1368 2116 ldl.
1389 2050 1487 2139 Virg.
1511 2050 1550 2113 G.
1572 2051 1599 2128 1,
1617 2054 1688 2118 345.
1710 2052 1837 2115 Lucan.
1858 2052 1885 2130 I,
1908 2053 1997 2130 6⁰5„

269 2169 358 2236 unde
381 2168 575 2232 umborvales
602 2176 636 2229 et
656 2164 866 2228 amborbioles
893 2165 1020 2228 hostiae
1049 2163 1207 2229 dicuntur
1232 2165 1320 2248 apud
1348 2167 1478 2231 Festum
1508 2179 1542 2231 et
1560 2167 1716 2233 Servium
1743 2167 1786 2232 ad
1806 2167 1904 2257 Virg.
1925 2168 1998 2233 Eol.

270 2289 332 2369 111,
343 2288 394 2354 ⁷7.
417 2286 462 2364 V,
473 2288 524 2352 75.
541 2326 545 2331 -
568 2285 676 2347 Etiam
698 2286 734 2344 in
755 2281 924 2345 adorando
945 2281 1116 2346 dexteram
1136 2282 1177 2346 ad
1198 2286 1346 2347 osculum
1366 2286 1571 2365 referebant,
1594 2297 1765 2370 totumque
1786 2305 1909 2370 corpus
1930 2287 2000 2348 cir·

271 2405 496 2493 cumagebant,
518 2400 607 2490 quod
627 2403 663 2462 in
683 2399 814 2463 laevum
836 2403 951 2464 fecisse
973 2399 1062 2463 Galli
1084 2402 1273 2489 religiosius
1296 2400 1483 2481 credebant,
1505 2402 1589 2467 Plin.
1612 2404 1656 2468 H.
1669 2401 1998 2484 N.xxvl11,2(s).

218 2581 221 2593 .
271 2526 361 2590 Suet.
391 2521 510 2585 Vitell.
532 2523 563 2586 2.
606 2517 727 2581 Nihilo
756 2520 865 2580 minus
894 2520 1045 2603 corporis
1073 2521 1288 2583 circumactio
1317 2491 1336 2583 a
1363 2523 1498 2583 sinistra
1526 2523 1561 2582 in
1589 2522 1738 2586 dextram
1765 2522 1999 2587 derelictionem

271 2653 372 2709 vocat
391 2640 525 2704 Solinus
547 2658 574 2704 c.
595 2633 637 2703 45
658 2635 728 2714 (47)
751 2655 771 2698 a
791 2635 876 2702 med.
898 2647 997 2719 atque
1018 2633 1105 2721 apud
1125 2635 1280 2699 Plautum
1301 2635 1437 2706 Curcul,
1461 2637 1489 2717 I,'
1509 2642 1539 2715 1,
1552 2642 1602 2705 70.
1624 2638 1846 2721 Phaedromo,
1867 2661 1931 2725 quo
1950 2660 2000 2704 me

273 2772 404 2833 vortam,
426 2760 544 2835 nescio,
567 2753 689 2816 dicenti
710 2751 885 2814 Palinurus
908 2751 1101 2836 respondet:
1126 2752 1182 2817 »Si
1203 2753 1281 2817 deos
1302 2755 1436 2834 salutas,
1458 2756 1695 2821 dextrovorsum
1716 2775 1860 2824 censeo«,
1902 2759 2001 2840 Quo·

272 2878 373 2943 modo
394 2885 504 2939 autem
525 2875 560 2933 in
582 2881 699 2954 quarta
719 2880 832 2932 nostra
853 2869 965 2933 tabula
985 2867 1148 2956 scardona
1168 2881 1202 2934 et
1221 2866 1381 2956 achedeus
1401 2872 1654 2960 intelligendum
1675 2879 1735 2954 sit,
1762 2885 1853 2939 sexta
1879 2877 2001 2940 tabula

273 2997 381 3075 docet,
404 2996 439 3054 in
461 3011 525 3074 qua
545 2998 620 3072 post
640 2988 765 3069 cupisse
783 3008 878 3070 perso
899 3002 1005 3067 osotu,
1027 2987 1101 3052 h.e;
1125 3008 1200 3050 cum
1221 2986 1335 3071 capide
1356 3009 1471 3073 preces
1492 2999 1600 3070 orato,
1613 2990 1826 3077 Vl,a,2dsq.
1849 2994 1997 3082 legitur:

252 3127 337 3180 'eom
358 3115 442 3176 moni
462 3119 573 3172 nestra
595 3109 714 3184 lenita,
743 3107 775 3171 h.
799 3126 828 3168 e.
852 3126 925 3170 eam
946 3126 1047 3168 manu
1066 3107 1199 3169 sinistra
1220 3117 1346 3186 teneto,
1376 3110 1438 3170 etsi
1466 3107 1579 3192 paullo
1607 3120 1702 3172 antea
1730 3109 1878 3175 deetmco
1910 3113 2002 3192 persi

274 3234 355 3314 fetu,
378 3232 410 3297 h.
433 3250 461 3292 e.
485 3225 526 3289 ad
548 3211 698 3287 dextram
719 3223 861 3285 lustrum
882 3225 993 3302 facito,
1015 3225 1249 3307 scriptumest.
1284 3221 1453 3310 Τεστρθκθ
1468 3236 1502 3288 et
1520 3223 1681 3310 νερτρθκυ
1701 3229 1806 3314 igitur
1825 3227 1998 3307 adverbia,

242 3337 245 3344 ⁴
275 3353 338 3414 etsi
359 3369 435 3411 cum
456 3343 701 3429 praepositione
729 3360 793 3422 κεμ
824 3344 1005 3425 composita
1032 3350 1122 3421 sunt,
1155 3342 1343 3406 dextrorsus
1370 3352 1479 3405 tamen
1506 3332 1771 3408 et'sinistrorsus
1797 3347 1999 3433 significant,

275 3468 490 3546 breviataque
511 3482 553 3524 ua
573 3463 608 3521 in
628 3460 680 3521 his
701 3461 828 3544 pariter
849 3456 963 3519 differt
989 3458 1030 3520 ab
1051 3478 1118 3540 sap
1143 3461 1179 3520 in
1199 3459 1376 3542 Fauaaaps,
1404 3459 1436 3522 h.
1460 3480 1488 3521 e.
1520 3480 1596 3523 cum
1624 3463 1715 3541 loco,
1746 3441 1998 3545 1V,a‚1&a.,

276 3596 375 3666 atque
396 3602 416 3644 a
437 3581 536 3642 litera
557 3603 587 3659 κ,
610 3579 738 3642 casibus
759 3575 922 3639 localibus
943 3577 1176 3658 pronominum
1198 3597 1272 3640 esur
1292 3587 1327 3639 et
1346 3596 1424 3640 estur
1444 3574 1566 3656 addita,
1588 3598 1708 3660 εσμικ
1728 3579 1886 3660 1v‚b,as
1907 3581 1997 3649 &32

275 3721 338 3786 pro
360 3718 480 3777 εσεμεκ
502 3695 564 3775 IV,
576 3717 607 3775 a,
619 3699 663 3775 8.,
685 3705 718 3758 et
738 3713 831 3759 esau
852 3692 915 3772 IV,
928 3693 960 3789 b,
972 3697 1024 3760 36.
1047 3714 1072 3754 s.
1097 3714 1189 3758 esea
1209 3695 1272 3774 lv,
1284 3715 1315 3774 a,
1327 3698 1357 3760 7.
1380 3713 1441 3779 pro
1464 3715 1581 3777 crassa
1602 3695 1662 3776 1V,
1674 3717 1705 3775 a,
1717 3701 1766 3766 ll.
1789 3709 1850 3762 cet
1867 3719 1892 3763 s.
1903 3717 1999 3780 ινεμκ

275 3819 303 3899 Ι,
317 3821 381 3895 23„
394 3835 537 3899 quorum
558 3812 795 3876 adverbiorum
815 3811 879 3874 hoo
900 3813 1032 3872 nonnisi
1053 3811 1212 3900 apodosin
1235 3814 1371 3897 protasi,
1393 3810 1480 3874 illud
1500 3833 1581 3876 vero
1599 3803 1719 3878 novam
1739 3816 2000 3880 enuntiitionem

277 3931 544 3999 antecedentibus
565 3929 665 3994 addit.
699 3927 843 4014 116er
864 3925 997 4010 quidem
1012 3900 1066 3990 hic
1085 3932 1185 4008 verti,
1208 3932 1305 4013 quasi
1314 3927 1508 3993 adverbium
1521 3933 1587 4010 sit;
1609 3931 1666 3995 sed
1676 3936 1753 4015 quia
1765 3933 1827 4012 Ill,
1838 3954 1868 4015 a,
1880 3936 1923 4002 18
1931 3954 2001 4018 sqq.

275 4048 423 4141 πρεΓεῤ,
450 4046 588 4135 saeba,
618 4045 770 4134 τριπλερ,
801 4045 867 4108 sibi
887 4056 1116 4140 opponuntur,
1138 4045 1340 4127 adjectivum
1361 4067 1429 4111 esso
1450 4048 1533 4111 mihi
1553 4047 1704 4128 videtur,
1725 4048 1768 4113 ad
1787 4051 1818 4115 F
1824 4048 2002 4134 εστιζαμ

276 4154 498 4234 referendum.
603 4182 604 4186 ’

443 4287 492 4349 1⁰.
536 4282 574 4343 In
602 4284 787 4367 praeceptis
814 4279 855 4344 de
882 4283 1022 4366 septimo
1051 4291 1085 4344 et
1114 4294 1231 4346 octavo
1260 4285 1424 4348 sacrificio
1453 4284 1540 4346 nihil
1566 4285 1709 4370 amplius
1736 4284 1915 4351 obscurum
1941 4297 2004 4367 est,

215 4382 220 4396 ⁸
277 4406 347 4467 uisi
363 4403 591 4482 subjunctivus
613 4397 790 4489 φθρφαθ
809 4418 871 4484 pro
893 4399 1027 4478 sursunt
1047 4399 1109 4478 VI,
1121 4420 1152 4478 a,
1164 4402 1227 4480 43„
1240 4391 1245 4398 ¹
1257 4421 1355 4484 quem
1375 4405 1412 4464 in
1432 4402 1532 4465 tertia
1552 4379 1692 4485 persone
1712 4402 1851 4487 pluralis
1870 4406 2006 4467 numeri

277 4524 422 4607 positum
443 4521 484 4583 ab
507 4516 621 4581 eodem
642 4519 746 4584 verbo
768 4515 907 4596 deduco,
940 4518 1034 4598 cujus
1066 4518 1283 4601 imperativus
1304 4518 1454 4600 efurfoto
1474 4518 1579 4598 v1,a‚
1594 4522 1642 4585 17.
1663 4530 1697 4582 et
1711 4520 2006 4611 v11,a‚38.10gi-

281 4651 350 4719 tur,
373 4647 406 4700 et
427 4640 565 4701 sortasse
586 4634 674 4698 idem
694 4636 870 4723 significat,
892 4633 981 4716 quod
1001 4633 1163 4723 proedo
1184 4656 1281 4724 pesa
1300 4636 1346 4715 V,
1356 4657 1387 4714 a,
1398 4639 1429 4701 4.
1452 4635 1485 4702 h.
1498 4655 1526 4698 e.
1548 4636 1665 4716 februo
1684 4638 2004 4722 focitos.febntoto.

283 4755 390 4838 Quam
409 4756 503 4819 varia
529 4756 657 4818 inerint
677 4753 903 4816 Romanorum
923 4751 1057 4831 februa,
1090 4751 1229 4817 Ovidius
1257 4755 1378 4817 cecinit
1402 4753 1486 4817 Fast.
1507 4752 1552 4830 11,
1571 4758 1610 4821 19
1627 4775 1696 4838 sqq.
1727 4756 1841 4821 eadem
1869 4761 1942 4824 lere
1967 4763 2005 4821 in

282 4874 346 4937 line
366 4870 497 4951 addens,
519 4891 603 4954 quae
624 4869 745 4934 Paulus
762 4869 855 4936 Diae.
878 4890 903 4934 s.
916 4890 948 4935 v.
971 4867 1215 4935 Februarius
1235 4890 1255 4934 e
1274 4872 1368 4937 Festo
1390 4874 1569 4957 excerpsit:
1593 4872 1844 4960 »Quaecumque
1865 4875 2004 4960 denique
