4244 5722
912 542 1180 638 ..η-ἶ

177 743 367 810 Εαειεάιίυε
387 738 428 803 ad
448 738 587 819 Dionys.
598 737 725 824 Perieg.
739 737 789 804 78.
811 736 993 814 annotavit,
1014 734 1192 814 nasonem,
1215 737 1274 818 qui
1294 738 1422 822 primus
1442 735 1565 801 Romae
1585 750 1737 825 regnasse
1757 729 1907 808 dicatur,

178 865 273 929 Ulixi
293 870 407 950 natum
427 875 496 921 essa
518 875 558 918 ex
580 854 697 934 Circe,
724 857 780 918 cui
800 851 993 942 Xenagoras
1017 853 1198 918 historicus
1218 852 1307 940 apud
1327 854 1527 941 Dionysium
1553 854 1665 920 Helio.
1688 851 1779 933 loo.
1800 853 1906 917 otiam

179 985 319 1062 Ilomsor,
338 973 470 1048 Antias
491 983 525 1038 et
544 972 684 1039 Ardeam
704 975 790 1037 filios
812 973 912 1041 dedic
955 972 1081 1040 Quodsi
1101 953 1263 1058 scymnus
1284 974 1387 1042 Gbius
1406 1000 1440 1045 τ.
1462 980 1524 1045 227
1544 997 1613 1059 sqq·
1635 974 1789 1059 scripsit:

422 1089 501 1161 Εἰσί
520 1087 549 1159 δ’
551 1085 664 1158 ἐπάνω
686 1089 747 1175 μὲν
766 1092 831 1157 τοῖν
850 1091 1030 1176 Πελασγῶν
1046 1083 1232 1181 Ὀμβρικοί,

426 1200 493 1290 Οὓς
515 1207 604 1299 ᾤκιά
626 1205 645 1276 ὁ
665 1203 697 1275 ’κ
716 1207 846 1299 Κίρκης
864 1202 1017 1276 Ὀδυσσεῖ
1034 1202 1206 1297 γενόμενος

423 1330 627 1412 Λατῖνος,
647 1318 801 1407 Λδσονές
821 1350 857 1395 τε
877 1321 1051 1415 μεσόγειον
1071 1321 1175 1395 τδιιον

414 1440 583 1532 ’Ἐχοντις,.
600 1438 747 1514 Adam
768 1435 826 1525 οὓς
846 1442 1033 1514 συνοικίσαι
1053 1444 1157 1526 δοκεῖ,

419 1560 607 1643 Ὀδυσσέως
625 1566 706 1642 παῖς
726 1561 782 1630 καὶ
801 1563 986 1647 Καλυψοῦς
1005 1563 1185 1651 γενόμενος.

180 1696 253 1778 quis
274 1699 340 1767 est,
367 1688 427 1771 qni
451 1703 519 1748 non
545 1683 673 1765 videat,
694 1685 878 1764 Annonem,
909 1684 1024 1747 Latini
1044 1686 1200 1762 fratrem,
1232 1700 1300 1746 esse
1321 1680 1462 1771 Agrium
1492 1679 1652 1759 Hesiodi,
1684 1683 1744 1765 qni
1774 1677 1901 1767 Theog.

179 1816 257 1878 1011
278 1830 349 1894 sqq.
372 1808 421 1869 sic
442 1804 579 1867 cecinit:
795 1849 801 1869 .

424 1919 533 2008 Κίρκη
556 1911 602 1994 δ’,
619 1910 754 1990 Ἠελίου
774 1921 925 2008 θυγάτηρ
941 1910 1186 2007 Ὑπεριονίδαο,

424 2031 566 2116 Γείνατ),
584 2028 764 2120 Ὀδυσσῆος
783 2031 1029 2122 ταλασίφρονος
1049 2032 1083 2102 ἐν
1105 2033 1271 2120 φιλδτητι,

418 2153 579 2249 Ἄγριον
598 2145 661 2234 ἠδὲ
679 2153 864 2218 Λατῖνον
886 2144 1040 2235 ἀμύμονά
1059 2173 1095 2218 τε
1116 2152 1273 2240 κρατερόν
1292 2164 1341 2215 τε·

428 2263 477 2338 Οἳ
493 2270 534 2356 δη
553 2292 609 2336 τοι
626 2272 715 2354 μάλα
735 2267 825 2356 τῆλε,
845 2269 937 2357 μυχῷ
956 2270 1064 2354 νησοῖν
1084 2265 1216 2358 ἱεράων,

424 2388 538 2455 Πᾶσιν
560 2388 779 2478 Τυρσηνοῖσιν
799 2380 1041 2473 ἀγακλειτοῖσιν
1061 2377 1214 2454 δι’νασσον.
1339 2464 1341 2470 ¹

180 2518 288 2600 Atque
308 2510 511 2577 Laurentius
531 2506 647 2590 Lydus
667 2508 704 2568 in
726 2514 873 2590 excerpt.
896 2503 948 2572 ed
970 2506 1088 2572 Roetb
1110 2509 1162 2574 13.
1183 2504 1245 2568 hos
1265 2523 1382 2569 versus
1400 2500 1537 2569 eddom:

425 2628 541 2713 Κοάρη
563 2621 593 2688 δ’
613 2620 648 2690 ἐν
668 2625 861 2711 μεγάροισιν
882 2621 1008 2709 άγαυοῦ
1027 2618 1256 2702 Δευκαλίωνος

427 2742 594 2830 Πανδώρη
613 2735 675 2811 Διὶ
694 2737 808 2828 πατρί,
828 2740 921 2806 θεαῖν
941 2743 1123 2828 σημάντορι
1140 2743 1284 2821 πάντων,

428 2858 591 2944 Μιχθεῖσ’
610 2855 646 2925 ἐν
665 2857 820 2944 φιλότητι
837 2854 911 2924 τέκε
930 2853 1116 2946 Γραικὸν
1132 2859 1347 2946 μενεχάρμην.

180 2984 300 3071 quibus
322 2980 486 3046 Graecum
506 2977 618 3066 Agrio
632 2977 821 3061 Latinoque
849 2977 1041 3057 conjunxit,
1072 2974 1220 3041 Ausones
1248 2971 1377 3059 pariter
1401 2981 1502 3057 atque
1526 2973 1684 3056 Latinos,
1715 2980 1779 3041 etsi
1806 2978 1907 3045 llalos

181 3096 334 3174 διιπικί
342 3099 424 3182 ζειν
447 3092 486 3165 τὸ
512 3088 727 3184 βαρβαρίζειν
755 3092 877 3158 dixisse
907 3103 1049 3158 testatur
1079 3093 1134 3172 (cf.
1163 3092 1317 3160 Juvenal.
1340 3091 1485 3170 HLW.
1512 3090 1658 3172 vlam
1690 3092 1776 3162 Plin.
1795 3097 1841 3160 H.
1863 3098 1910 3166 N.

182 3219 397 3299 XXIX,1,7.
419 3215 555 3280 Tullius
576 3213 662 3277 Tiro
682 3211 771 3298 apud
791 3211 880 3276 Gell.
903 3210 998 3291 XIII,
1009 3212 1068 3293 9.),
1089 3232 1166 3275 cum
1186 3210 1334 3291 Graecis,
1365 3211 1506 3298 originis
1525 3213 1658 3277 ratione
1676 3212 1804 3294 habita,
1832 3234 1910 3280 con·

183 3342 307 3408 sociat=
340 3328 448 3419 neque
475 3343 602 3396 temere
633 3331 752 3394 Livius
783 3330 874 3409 1,δ9.
903 3332 1079 3394 Octavium
1098 3329 1290 3394 Mamilium
1321 3328 1566 3408 Tusculanum,
1595 3329 1695 3418 longe
1722 3334 1909 3419 principem

183 3458 300 3522 Latini
319 3454 465 3517 nominis
485 3460 583 3533 atque
603 3468 764 3535 generum
784 3446 964 3530 Tarquinii
983 3445 1140 3532 Superbi,
1161 3446 1202 3510 ab
1222 3447 1322 3511 Ulixe
1343 3446 1505 3530 Circeque
1525 3447 1706 3515 oriundum
1727 3448 1826 3516 dixit.

317 3617 318 3620 ,
348 3575 381 3640 3,
423 3569 498 3654 Ipsa
516 3568 708 3655 linguarum
734 3564 865 3630 indoles
896 3565 976 3628 huic
1003 3567 1154 3650 opinioni
1181 3568 1354 3631 consentit.
1396 3566 1551 3631 Latinam
1581 3567 1731 3654 linguam
1754 3567 1910 3636 Aeolioce

185 3693 392 3759 Graecorum
424 3685 568 3751 dialecto
596 3685 803 3748 simillimam
834 3687 937 3747 fuisse
961 3688 1032 3767 jam
1060 3684 1287 3765 Quintilianus
1316 3684 1396 3748 Inst.
1423 3683 1805 3773 or.1,6,31.agnovit;
1835 3706 1907 3754 cun

184 3812 315 3876 Latinis
336 3825 418 3872 vero
440 3824 553 3869 omnes
580 3806 651 3866 iere
679 3803 798 3888 populi
829 3802 946 3866 Italiae
973 3805 1191 3868 vetustissimi
1221 3803 1418 3890 linguarum
1441 3803 1605 3868 affinitate
1625 3803 1821 3893 iunguntur.
1862 3802 1909 3871 Ao

185 3949 228 3994 ne
255 3929 329 4011 quis
354 3934 465 4008 putat,
497 3922 643 3987 duorum
669 3922 931 4000 ε1εαιειιῑοεαω,
963 3942 1004 4000 ex
1031 3921 1150 4004 quibus
1176 3922 1334 3986 Latinam
1358 3922 1509 4010 linguam
1528 3922 1667 3987 mixtam
1691 3936 1910 4010 agnoverunt,

186 4046 367 4112 barbarum
394 4063 456 4106 nec
477 4040 643 4104 Graecum
670 4039 910 4128 Aboriginibus
938 4036 1069 4119 deberi,
1100 4038 1253 4103 Umbrici
1282 4041 1443 4104 sermonis
1474 4038 1622 4103 indolem
1648 4043 1687 4103 in
1715 4045 1911 4107 memoriam

186 4181 391 4237 revocemus,
413 4162 449 4223 in
472 4142 542 4243 quo¹
560 4168 630 4222 tota
649 4160 721 4220 fere
740 4160 914 4221 nominum
932 4156 1181 4240 verborumque
1199 4159 1312 4238 flexio,
1333 4166 1494 4242 quatenus
1513 4156 1648 4222 Umbris
1668 4169 1768 4242 atque
1783 4161 1912 4226 hams

188 4282 373 4347 communia
400 4280 482 4359 fuit,
510 4275 641 4340 Graeca
669 4284 733 4354 est,
764 4294 832 4338 non
851 4272 993 4339 Gallico.
1035 4272 1182 4338 Gallicae
1209 4283 1327 4337 contra
1353 4277 1495 4363 originis
1515 4277 1651 4340 fuerunt
1669 4273 1799 4356 Siculi,
1830 4298 1910 4362 qnos

187 4400 325 4465 Sicanos
345 4406 444 4461 vocat
463 4393 643 4482 Virgilius,
663 4393 705 4456 ab
726 4391 965 4481 Aboriginibus
985 4412 1026 4455 ex
1046 4391 1187 4456 Umbria
1206 4391 1358 4457 oriundis
1378 4394 1501 4478 partim
1521 4413 1563 4456 ex
1581 4393 1682 4458 Latio
1703 4396 1816 4474 ejecti,
1838 4416 1909 4481 pan

184 4522 250 4584 lim
269 4520 351 4605 ipsis
370 4514 522 4594 subjecti.
553 4514 626 4577 Etsi
647 4512 736 4574 enim
749 4509 963 4595 Thucydides
983 4509 1132 4588 Sicanos,
1152 4512 1391 4574 vetustissimos
1405 4507 1543 4575 Siciliae
1557 4512 1694 4592 incolas,
1714 4509 1910 4597 Siculosque

190 4658 210 4701 e
229 4637 328 4701 Latio
349 4636 577 4721 immigrantes
598 4650 703 4719 neque
723 4632 858 4693 nomine
877 4648 985 4713 neque
1006 4630 1110 4714 stirpe
1131 4628 1275 4692 multum
1295 4631 1386 4694 inter
1404 4647 1441 4692 so
1459 4626 1598 4693 differre
1616 4632 1751 4705 nesciit,
1781 4632 1912 4698 Siculos

191 4767 302 4836 tamen
320 4754 480 4819 barbaros
500 4748 598 4830 dixit,
620 4746 822 4832 Sicanosque
843 4748 949 4828 Vl‚2,
969 4768 990 4810 a
1010 4746 1131 4812 Sicano
1152 4746 1292 4828 iberiae,
1313 4747 1346 4812 h.
1359 4766 1388 4814 a.
1401 4746 1529 4813 Galliae
1549 4746 1913 4835 secundumScylacem

192 4871 368 4957 Caryand,
388 4865 726 4951 flumino(Sequcncl‚
746 4887 808 4951 psr
816 4868 961 4955 Ligures
980 4868 1052 4933 sivo
1059 4863 1197 4951 Ligeris
1205 4869 1389 4952 superioris
1408 4867 1590 4952 uomitus
1610 4868 1740 4934 accolas
1759 4871 1913 4956 expulsos

1444 4969 1453 5010 ι

265 5161 275 5204 l
