4244 5722
984 568 1235 637 ..42-

667 804 704 883 2.
756 802 954 885 Posterior
978 804 1130 883 toboloc
1153 794 1364 883 Abellanae
1385 802 1547 913 pagina.

401 974 443 1041 In
464 977 654 1062 posteriore
675 976 811 1043 tabulae
830 978 954 1067 pagina
973 987 1026 1044 tot
1046 974 1183 1063 quidem
1203 994 1320 1043 versus
1339 976 1397 1041 vei
1416 979 1454 1042 in
1473 976 1612 1041 sinistre
1630 973 1687 1041 nel
1707 977 1746 1039 in
1766 973 1888 1044 dextn
1907 996 1999 1067 quo·

236 1105 408 1186 quopnrte
421 1098 572 1163 uuucati
583 1106 673 1177 suut,
692 1108 734 1163 ut
753 1117 823 1163 non
843 1100 957 1163 omnia
976 1100 1057 1163 satis
1076 1097 1204 1185 possint
1224 1096 1407 1182 explicari,
1436 1094 1506 1177 sed,
1526 1094 1606 1163 dum
1626 1092 1729 1161 modo
1748 1099 1849 1163 venia
1869 1098 1915 1163 sit
1932 1116 1999 1185 pe·

236 1218 415 1296 rieiitanti,
443 1217 538 1281 incili
564 1218 764 1297 conjectura
789 1216 978 1305 supplendi.
1020 1220 1136 1283 Prima
1156 1215 1269 1299 verba,
1297 1217 1383 1281 licet
1408 1216 1525 1281 multis
1545 1216 1588 1281 de
1615 1218 1727 1281 causis
1752 1218 1886 1282 incerta
1910 1216 1997 1297 sint,

236 1340 287 1403 sic
307 1348 420 1403 umen
441 1336 590 1424 intelligi
611 1348 785 1424 poterunt,
805 1338 836 1401 si
856 1336 1013 1423 lapidem,
1035 1337 1221 1403 inAbellae
1239 1335 1336 1401 urbis
1356 1334 1536 1401 ruderibus
1556 1346 1741 1421 repertum,
1762 1336 1805 1399 ab
1819 1332 1996 1401 Abellanis

235 1459 286 1521 sio
306 1457 508 1541 inscriptum
528 1463 697 1541 putemus,
719 1460 815 1543 quasi
835 1476 913 1522 cum
922 1455 1067 1522 Nolanis
1087 1454 1373 1540 colloquerentur.
1415 1455 1541 1543 Incipit
1560 1455 1651 1518 euim
1671 1456 1852 1541 inscriptio
1873 1471 1895 1520 s
1914 1467 1998 1519 ter-

237 1575 291 1639 bis
311 1578 433 1657 etnopoi
454 1579 570 1643 vestiri
589 1578 660 1643 kint
679 1578 752 1643 sivo
772 1576 875 1644 attens·
893 1576 996 1644 nestri
1016 1579 1089 1654 (seu
1102 1577 1214 1662 potins
1234 1580 1385 1651 beelmon)
1405 1576 1481 1643 cini.
1522 1576 1610 1654 Mei,
1631 1592 1653 1637 a
1671 1572 2001 1659 ooie(mogin)lian·

237 1697 331 1759 unae
350 1695 486 1759 tabulae
507 1692 711 1776 derivatum,
732 1694 961 1761 Romanorum
981 1714 1074 1780 moga
1094 1706 1154 1776 est,
1176 1694 1246 1775 sed,
1268 1694 1359 1778 quod
1378 1692 1527 1777 ejusdem
1546 1694 1642 1758 vocis
1661 1693 1823 1778 repetitio
1842 1711 1876 1760 t.
1888 1696 1922 1761 l.
1935 1688 2006 1755 do-

237 1819 304 1894 oet,
324 1828 389 1899 pro
399 1813 562 1879 adverbio
582 1813 686 1881 sibilo
705 1818 810 1882 minue
829 1817 902 1881 sine
921 1826 1026 1881 tumen
1046 1812 1291 1901 accipiendum,
1311 1811 1591 1899 quemadmodum
1601 1810 1758 1875 Italicum
1766 1826 1828 1893 tna,
1848 1808 2009 1875 Franco·
2053 1884 2056 1890 ,
2089 1893 2093 1900 ¹

240 1930 412 1997 Gallicum
432 1937 522 2013 mois,
543 1932 787 1997 Hollaudicum
806 1952 902 2001 moer.
945 1934 1058 2001 Seiae
1069 1932 1172 1997 dubio
1193 1952 1271 1998 avoc
1290 1930 1475 2020 supplenda
1494 1940 1546 1995 est
1565 1930 1776 2011 conjunctio,
1796 1928 2009 2019 quamlegis

241 2051 331 2117 ratio
352 2053 511 2136 postulat,
529 2052 689 2135 propelle
708 2067 792 2117 varo
811 2052 976 2135 propobid
993 2049 1184 2141 legendum,
1212 2060 1253 2116 ut
1277 2052 1422 2119 verbum
1445 2054 1491 2116 sit
1509 2052 1723 2133 propinquat,
1750 2044 1841 2111 unde
1861 2044 2007 2113 dativus
2028 2129 2035 2141 Ι

240 2170 406 2237 oberranti
426 2166 646 2248 doo(lt'ltvo)let'
665 2168 841 2236 Abellanos·
860 2172 976 2244 (vetito
996 2171 1179 2250 quatiquati
1197 2166 1359 2235 Abellono
1380 2172 1451 2237 scil.
1474 2170 1560 2246 tolo)
1585 2164 1782 2253 dependeat.
1806 2211 1818 2233 .
1831 2164 1896 2231 Sic
1914 2162 2006 2248 Itopi

241 2299 318 2371 post
343 2304 439 2352 nanu
461 2288 589 2367 (tttJtuo
615 2288 723 2365 (nean
747 2284 901 2368 proprio)
929 2286 1000 2348 sinn
1027 2286 1126 2349 malin
1152 2284 1313 2367 noemma
1333 2286 1421 2364 otoo
1444 2286 1553 2362 (masso
1570 2286 1647 2365 son)
1667 2303 1732 2371 pro
1754 2284 1854 2368 lapid
1872 2282 2008 2369 (capit)

239 2407 405 2491 scriptum
425 2414 488 2485 cet,
508 2420 587 2469 oum
608 2404 723 2467 dativo
742 2399 912 2485 pobolotoi
932 2402 1126 2485 (peculatoi)
1148 2402 1367 2493 jungendum.

409 2522 500 2604 Quid
521 2524 556 2585 in
567 2523 633 2584 iiue
644 2524 758 2605 quarti
769 2541 885 2587 versus
896 2521 1185 2609 supplendumsit,
1206 2524 1401 2601 conjectura
1421 2522 1552 2605 meoqui
1569 2522 1630 2587 uix
1649 2519 1749 2601 licet3
1771 2516 1862 2583 nihil
1883 2528 2006 2583 tamon

242 2638 466 2719 desideratur,
495 2639 585 2724 quod
606 2642 804 2703 sententiam
823 2650 943 2719 mutet,
970 2644 1129 2723 qnoniam
1148 2640 1320 2726 pabulatoi
1337 2640 1532 2727 peculatum
1559 2634 1597 2701 iu
1624 2638 1796 2723 privatum
1817 2656 1921 2700 usum
1940 2628 2007 2701 do-

241 2760 364 2847 siguat,
389 2760 485 2824 tribei
502 2758 657 2822 bebetobo
667 2778 752 2823 vero
761 2778 825 2842 pro
837 2761 923 2824 trica
943 2756 1183 2849 aososdxacp
1204 2764 1275 2825 sive
1287 2758 1362 2823 dolo
1371 2760 1455 2824 anolo
1464 2758 1613 2845 positum
1622 2752 1783 2821 videtur:
1804 2751 2005 2837 undoeipss

243 2878 425 2942 eBnutina
446 2878 559 2941 tabula
580 2878 730 2961 suppleri
744 2886 866 2961 potest.
887 2878 978 2941 Tum
998 2880 1088 2945 inani
1105 2880 1257 2965 suppleri
1277 2886 1388 2964 potest
1408 2880 1483 2942 inne
1502 2878 1576 2939 sive·
1594 2875 1673 2940 istob
1694 2872 1728 2953 (e
1749 2883 1785 2937 et
1805 2873 1828 2937 b
1849 2874 1939 2937 euim
1961 2870 2003 2937 ίι

242 2996 417 3063 Hereblbis
438 2995 466 3077 1,
478 2999 507 3060 4.
530 3014 593 3081 pro
614 2994 785 3059 Herakleia
806 2998 951 3059 intense
973 2999 1221 3079 permutantur)
1243 2995 1300 3074 l(is
1320 2996 1416 3075 esto),
1445 2998 1526 3080 quia
1544 2996 1621 3061 inim
1641 2996 1708 3059 isot'
1728 2990 1772 3058 lin
1791 2986 2001 3072 Abeldmoi)

242 3118 398 3200 sequitur
417 3114 451 3180 b.
474 3132 504 3177 o.
525 3116 600 3177 item
621 3114 726 3176 codem
748 3112 906 3191 (natione)
927 3114 972 3178 lis
990 3110 1152 3181 Abellono
1173 3116 1246 3178 soil.
1269 3114 1360 3178 idem
1380 3116 1544 3199 peccanti.
1592 3108 1632 3175 lu
1659 3110 1816 3176 versibus
1841 3108 2002 3198 proximo

242 3234 459 3318 sequentibus
484 3230 573 3293 nihil
597 3233 670 3293 iero
696 3233 879 3310 interiisse,
907 3230 1012 3296 verba
1034 3230 1154 3297 docent
1175 3238 1245 3315 jam
1271 3252 1373 3318 supra
1395 3230 1529 3293 laudata
1548 3228 1686 3297 Senotel
1705 3230 1872 3315 tmgtsad
1889 3232 2005 3297 sunm

245 3351 404 3430 (senam
425 3349 573 3414 manullo
592 3351 785 3431 sapientibt
814 3368 916 3411 unam
941 3348 1043 3413 modo
1070 3350 1207 3415 literam
1233 3351 1382 3434 suppleo,
1412 3360 1451 3413 ut
1472 3368 1534 3434 pro
1562 3370 1622 3414 nas
1641 3352 1720 3418 ab.
1742 3347 1878 3438 legatur
1907 3366 2003 3413 mose

243 3470 278 3536 h.
291 3486 319 3534 o.
342 3468 519 3552 anteritas
539 3478 641 3551 atquc
663 3488 738 3531 cum
749 3464 863 3531 dativo
872 3468 1018 3551 pluralis
1038 3470 1174 3531 numeri
1195 3468 1365 3533 mollonoia
1386 3470 1557 3555 iungatur.
1598 3468 1752 3533 Mttllnno
1771 3476 1888 3531 autem
1908 3466 2004 3531 nalo

242 3586 333 3651 lacta
358 3590 431 3653 site
455 3596 592 3671 Peccata
620 3589 839 3669 interpretor,
866 3586 986 3669 quibus
1005 3588 1098 3652 botai
1118 3586 1248 3667 (cantui
1267 3589 1339 3651 sive
1361 3589 1520 3661 contione)
1540 3588 1586 3651 sit
1604 3582 1803 3653 soborodlotn
1824 3586 2007 3653 Heretlets

242 3724 278 3771 v.
292 3710 354 3786 it,
375 3704 561 3790 auteqaod,
583 3705 754 3784 cuilibet,
776 3704 920 3767 verbum
940 3708 986 3770 iet
1007 3707 1083 3782 (est)
1102 3707 1267 3791 suppleat,
1289 3703 1569 3789 quemadmodum
1586 3708 1871 3793 praepositionem
1881 3708 2007 3789 pontiti
2105 3777 2111 3800 ·.

243 3826 345 3907 (pro),
369 3842 454 3908 quae
474 3823 503 3903 I,
513 3827 546 3893 8.
568 3824 706 3912 legitur,
729 3833 806 3887 ante
826 3822 1014 3889 ablativum
1034 3823 1169 3908 alnogid
1187 3823 1349 3904 (termino)
1369 3846 1403 3891 v.
1419 3827 1470 3891 12.
1513 3822 1580 3891 Poe
1601 3833 1652 3889 est
1671 3825 1855 3891 relativum
1876 3824 2009 3890 adver·

243 3943 340 4008 bium
360 3956 425 4027 pro
446 3934 534 4009 ὑπό
543 3962 586 4009 se
605 3944 678 4005 aive
698 3944 812 4029 potius
833 3952 1004 4025 qnatenus,
1033 3941 1091 4006 sed
1108 3944 1171 4025 pid
1187 3954 1264 4029 post
1288 3942 1363 4008 olus
1382 3943 1453 4015 (itte
1473 3943 1546 4007 soil.
1568 3946 1716 4021 senatus)
1737 3944 1877 4009 Aeolica
1898 3961 2009 4029 prae·

242 4064 368 4149 positio
388 4058 498 4129 atta
518 4078 581 4145 pro
601 4054 686 4142 μετά
708 4061 821 4137 (cumn
846 4059 938 4123 uude
965 4058 1095 4142 liga(is)
1115 4062 1201 4124 mihi
1228 4081 1296 4124 non
1321 4072 1390 4125 tam
1415 4080 1480 4145 pro
1500 4062 1630 4145 legibue
1650 4081 1753 4143 quam
1773 4082 1838 4150 pro
1860 4062 2006 4149 collegia

243 4184 393 4267 positum
413 4200 484 4243 esse
504 4178 650 4245 videtur.
691 4176 874 4242 Adduutur
892 4178 1025 4241 seilicet
1044 4180 1231 4243 numeralia
1250 4180 1461 4261 faffoneebse
1476 4180 1771 4263 (quinquennem)
1792 4200 1873 4245 oum
1891 4180 2006 4249 verbo

242 4298 412 4379 bomfened
438 4300 604 4383 (conflabit
631 4300 703 4361 eive
723 4296 874 4375 decidit),
902 4294 1179 4377 quemadmodum
1206 4300 1414 4363 nominativo
1441 4298 1641 4363 toboroblotn
1661 4298 1834 4365 Hereblea's
1862 4298 2010 4365 additur

244 4416 383 4501 (postia)
417 4420 551 4502 eloogs'd
579 4417 649 4499 pud
679 4420 725 4483 ist
756 4414 862 4498 (qnod
891 4426 939 4479 est
968 4433 1031 4496 pro
1063 4412 1223 4494 termino),
1255 4426 1290 4480 et
1319 4416 1435 4502 paullo
1462 4426 1538 4501 post
1562 4417 1632 4499 pod
1654 4426 1751 4483 oster
1772 4428 1871 4483 terem
1892 4418 2008 4499 mle»-

243 4557 297 4603 sce
317 4540 362 4605 ist
383 4530 486 4621 (quod
504 4540 596 4603 intro
619 4547 736 4599 terrem
756 4535 888 4598 medinm
909 4534 982 4612 ent).
1016 4532 1302 4615 Quemadmodum
1322 4536 1358 4597 in
1378 4554 1477 4599 messe
1495 4536 1619 4599 vocalis
1640 4553 1669 4615 e,
1690 4536 1742 4599 sic
1762 4537 1800 4598 in
1824 4544 1935 4603 tectu.
1947 4538 2007 4605 12.

243 4666 329 4724 extr.
352 4677 536 4721 consonans
558 4678 577 4719 r
597 4658 721 4719 omissa
741 4651 891 4731 videtur,
920 4652 986 4713 nisi
1015 4660 1079 4716 teet
1099 4672 1163 4737 pro
1184 4662 1268 4717 teret
1288 4655 1361 4717 sivo
1382 4662 1484 4717 terret
1503 4655 1552 4716 sic
1572 4656 1721 4739 positum
1730 4665 1805 4735 ··est,
1838 4654 2009 4740 quemad·

243 4774 379 4840 modum
402 4778 444 4841 tit
466 4794 531 4858 pro
555 4777 643 4840 timet
665 4776 703 4835 iu
724 4770 872 4835 Tuderti
892 4770 1016 4834 Martis
1036 4772 1254 4855 inscriptione
1273 4790 1377 4859 supra
1396 4770 1540 4839 laudata.
1583 4770 1710 4839 Pendet
1727 4772 1811 4839 iude
1830 4774 2009 4841 ablativus

240 4894 431 4979 poblpeisod
450 4885 668 4981 (ἓπικλοπίᾳ,
690 4911 712 4955 n
732 4890 828 4971 forto
840 4892 913 4957 sive
923 4889 1089 4972 peculatu)
1095 4912 1107 4966 ,·
1127 4890 1251 4957 sacella
1270 4910 1355 4957 vero
1374 4890 1556 4959 secuudum
1567 4893 1702 4959 Festum
1710 4890 1917 4961 dicebantur
1926 4894 2010 4961 loca
