4244 5722
890 661 932 678 ..
993 633 1139 698 ῃ...

142 801 234 873 viuis
253 801 378 873 tabulis
400 800 539 891 legitur.
581 797 622 864 ln
642 797 709 862 fine
729 792 834 882 primi
854 812 972 860 versus
992 796 1097 860 breve
1110 811 1245 880 quoque
1266 813 1390 860 nomeu
1410 795 1579 861 interiisse
1597 797 1658 861 vix
1679 792 1894 877 crediderim,

88 960 107 999 s
147 923 211 987 etsi
236 924 276 988 iu
304 918 451 988 secundo
470 939 572 988 versu
591 917 720 1007 legitur
740 916 786 979 M
791 913 845 981 ed.
867 914 1044 996 KarrFa,
1067 933 1144 999 quo,
1165 914 1238 980 sive
1259 915 1447 994 Koralios
1475 917 1512 980 in
1532 916 1786 1006 genitivocasu
1806 916 1897 1003 posi·

145 1048 219 1105 tum
245 1052 354 1126 putes,
391 1041 464 1106 sive
491 1037 701 1114 anunm
728 1032 934 1114 adjectivum
959 1036 1115 1120 accipias,
1144 1032 1424 1118 quemadmodum
1448 1038 1486 1098 in
1511 1035 1654 1100 Bantius
1679 1034 1796 1100 tabula
1824 1050 1897 1099 cess

143 1157 286 1226 Bantins
296 1156 582 1238 (civisBsntinsre)
594 1164 630 1220 et
642 1156 680 1218 iu
688 1152 889 1238 Pompeiana
905 1150 997 1217 aedis
1007 1151 1105 1218 Isidis
1120 1154 1341 1240 inscriptione
1352 1154 1606 1244 KFosoosap
1616 1155 1896 1236 Πεμπαιιανς

138 1277 321 1354 ioannes
340 1275 566 1360 Pompeianas)
586 1274 726 1364 legitur,
758 1272 944 1360 Campanus
971 1275 1187 1362 magistratus
1214 1274 1432 1361 significatur.
1473 1273 1605 1341 Menate
1626 1276 1663 1336 in
1683 1273 1826 1337 Bautiua
1847 1280 1897 1336 ta·

145 1395 228 1463 bula
252 1417 321 1463 uua
346 1419 363 1464 e
389 1394 486 1458 finali
514 1394 694 1475 scribitur3
724 1392 813 1458 hanc
839 1402 953 1457 autem
980 1393 1016 1455 iu
1038 1391 1207 1478 Gapueusi
1226 1393 1459 1479 inscriptione,
1480 1395 1571 1458 sicut
1590 1395 1628 1457 in
1647 1390 1897 1456 Herculanensi

146 1518 274 1582 lactum
294 1523 355 1594 est,
382 1504 617 1602 geminandam
637 1522 732 1599 puto,
762 1514 843 1597 quia
861 1532 1043 1594 renatae
1065 1530 1199 1595 quoque
1218 1514 1294 1580 ub.
1315 1530 1380 1598 pro
1400 1512 1522 1578 meins
1542 1509 1712 1591 adjectivo
1732 1509 1897 1573 Bautinae

145 1635 279 1699 tabulae
297 1633 463 1719 scriptum
483 1630 634 1698 ridetur.
677 1629 744 1696 Vis
765 1629 901 1714 quidem
922 1630 1081 1695 vocabuli
1104 1611 1174 1692 nou
1201 1639 1252 1694 est
1271 1649 1411 1714 prorsus
1431 1627 1560 1710 eadem,
1594 1648 1699 1715 quum
1720 1637 1897 1693 contextus

95 1832 99 1839 .
146 1751 327 1817 verborum
347 1752 489 1842 flagitet,
511 1759 552 1816 ut
569 1732 711 1833 renorma
731 1748 892 1815 sollennia
912 1749 1095 1835 significem
1117 1744 1177 1811 sed
1195 1748 1363 1811 sollennia
1383 1746 1452 1810 dici
1473 1749 1590 1827 solent,
1612 1754 1708 1831 quaet
1719 1746 1897 1830 quotannis

145 1868 289 1961 repetita
309 1871 559 1939 coadunantur.
595 1865 721 1929 uses
740 1863 777 1923 iu
797 1863 951 1949 Iguvinis
971 1864 1097 1969 tnbpstis
1116 1868 1205 1924 sirus
1225 1867 1404 1949 significat,
1426 1861 1707 1947 quemadmodum
1720 1862 1899 1943 oareloa,

99 2004 103 2011 ·
145 1981 236 2066 quod
255 1984 292 2047 iu
312 1982 382 2046 fine
402 1989 538 2046 nostrae
559 1979 793 2063 inscriptionis
811 1974 1036 2064 supplendum
1056 1975 1207 2058 videtur,
1227 1979 1672 2067 praecoritanoponitur.
1714 1980 1795 2046 Εκα
1816 1999 1900 2044 vero

144 2121 175 2165 r.
187 2104 219 2169 4.
240 2119 305 2188 pro
325 2100 475 2165 ablativo
497 2098 653 2164 feminini
673 2099 808 2185 generis
829 2094 920 2177 (bac)
940 2093 1176 2181 accipiendum
1197 2105 1258 2175 est,
1279 2107 1320 2160 ut
1340 2115 1418 2159 cum
1440 2118 1562 2179 entra
1582 2096 1656 2163 lue.
1679 2088 1809 2181 ὃμάὸι
1829 2100 1901 2163 sive

140 2221 358 2289 mommsen
378 2219 550 2306 jungatur.
607 2215 840 2282 Univeraitatis
860 2211 1042 2276 secuudum
1063 2212 1279 2269 Marcianum
1299 2214 1336 2270 in
1356 2212 1484 2298 Digest.
1508 2215 1570 2280 lib.
1593 2214 1621 2283 1.
1644 2217 1698 2280 tit.
1721 2217 1753 2283 8.
1776 2216 1842 2304 leg.
1863 2219 1898 2283 6.

77 2332 81 2339 ’
144 2347 225 2401 sunt
245 2334 438 2431 communia
458 2328 654 2403 civitatum
675 2342 790 2388 sarrae
810 2330 923 2385 autem
944 2339 999 2383 res
1017 2315 1097 2395 suut
1104 2318 1180 2400 bae,
1202 2324 1434 2405 quaepublice
1455 2344 1669 2396 consecratae
1689 2346 1777 2403 sunt.
1808 2333 1901 2397 Hinc

145 2464 221 2520 esra
239 2468 363 2527 εμιια
383 2461 447 2526 pro
467 2440 586 2503 bacin
607 2439 742 2501 ciuitate
761 2437 910 2519 positum
931 2442 1027 2516 puto,
1050 2443 1186 2516 totaque
1207 2437 1386 2521 inscriptio
1408 2440 1457 2500 sic
1478 2450 1529 2504 est
1549 2443 1734 2510 vertendae
1799 2495 1808 2522 ,

309 2558 382 2624 lixa
400 2553 526 2640 roland
545 2550 637 2621 Med.
659 2548 861 2631 Kanl'ais)c
881 2569 1003 2637 σακρα,
1024 2566 1113 2617 aare
1135 2572 1197 2617 esar
1260 2572 1360 2635 εμιια
1399 2574 1541 2638 recusae
1561 2578 1629 2628 σ....

309 2676 380 2745 llic
407 2675 500 2743 dicat
529 2671 668 2740 Meddia
679 2668 860 2754 Conponat
889 2688 996 2751 sacro,
1028 2671 1115 2737 sient
1124 2669 1187 2736 leae
1198 2673 1233 2738 in
1244 2672 1380 2740 civitate
1390 2675 1551 2745 sollennia
1562 2689 1649 2746 sent.

616 2898 653 2977 2.
697 2896 936 2977 Mamertino
960 2896 1160 3006 inscriptio
1186 2924 1207 2976 e
1230 2898 1424 2980 Messana.

198 3074 203 3079 -
312 3032 466 3101 quotuit
492 3031 581 3097 mihi
607 3033 690 3098 baec
716 3035 895 3118 inscriptio
917 3052 936 3096 e
957 3029 1095 3097 castelli
1117 3051 1231 3117 opere,
1262 3032 1351 3118 quod
1371 3036 1573 3102 inscribitur
1593 3036 1733 3107 Siciliae
1753 3050 1786 3106 ct
1806 3043 1900 3126 edja-

146 3154 284 3225 emman
310 3154 486 3221 insularem
512 3162 651 3216 setensm
677 3154 922 3234 inscriptionum
947 3169 1032 3215 noea
1060 3150 1229 3216 collectio:
1256 3153 1494 3238 prolegomenis
1515 3165 1547 3220 et
1566 3161 1657 3224 natis
1678 3159 1847 3226 illustrata
1868 3171 1900 3226 et

146 3281 259 3343 itesam
287 3292 356 3339 aron
385 3262 660 3338 emendationibus
687 3280 720 3337 et
748 3272 908 3336 meteriis
937 3269 1092 3353 evulgata
1111 3268 1266 3337 Panormi
1294 3275 1385 3358 typis
1414 3276 1517 3360 regiis
1539 3275 1633 3344 1784.
1675 3277 1730 3342 Ibi
1750 3299 1826 3369 pag.
1846 3285 1899 3348 oo.

145 3407 287 3458 numero
312 3391 425 3456 xcv1
451 3393 489 3455 iu
514 3391 775 3476 inscriptionum
802 3387 979 3454 divisionis
1007 3389 1112 3453 classe
1132 3388 1177 3454 V.
1199 3388 1337 3454 Graecis
1359 3391 1469 3456 literis
1489 3392 1658 3462 exhibitae
1683 3398 1901 3484 inscriptioni

146 3520 223 3598 post
240 3528 362 3575 nornen
382 3510 555 3576 Messanae
574 3509 658 3573 haec
677 3507 781 3574 rerba
802 3510 1030 3595 superscripta
1050 3518 1149 3573 suut:
1172 3508 1292 3576 Edidit
1310 3514 1433 3593 primus
1448 3510 1639 3580 Gnalteriae
1660 3534 1692 3580 u.
1708 3519 1738 3584 7.
1758 3518 1901 3582 emenda·

147 3634 258 3698 tioresa
279 3638 384 3695 tanen
403 3629 495 3696 dedit
517 3628 553 3698 C.
573 3627 767 3698 Dominicis
789 3626 908 3695 Gallus
928 3629 965 3694 in
975 3624 1095 3695 Annei.
1108 3628 1252 3695 Messon
1269 3629 1340 3704 Vol.
1352 3632 1380 3697 l.
1389 3652 1472 3719 pag.v
1486 3635 1536 3702 16.
1560 3633 1675 3716 adpar.
1718 3634 1900 3720 lnscriptio

147 3752 220 3836 ipsa
238 3751 289 3817 tle
308 3747 508 3816 exhibetur:

645 3872 791 3930 mittit
814 3870 981 3929 tantm
1007 3870 1149 3928 niam
1172 3872 1200 3927 ll
1224 3873 1289 3930 ma

644 3981 769 4040 wan
786 3980 962 4039 ΠΟΜΠῙΔΑ
980 3981 1020 4036 ’Π
1036 3980 1088 4035 ΕΣ
1106 3983 1204 4038 lelll
1222 3982 1291 4039 lel
1307 3981 1361 4039 m

835 4084 1009 4149 mannuli
1034 4089 1193 4146 ΟΥΦΕΝΣ

643 4197 743 4254 uictu
766 4199 837 4254 IMA
861 4197 937 4254 ἸὮΣ
960 4198 1008 4254 ΤΟ
1032 4198 1285 4256 ΜΑΜΕΡΤΙΝΟΝ

643 4305 902 4363 ΑΠΠΕΛΛΟΥΝ
926 4306 955 4361 ll
977 4307 1044 4363 liin
1064 4306 1189 4365 KOPON

312 4448 427 4532 Quum
448 4447 574 4513 Zancle
589 4447 794 4531 Siculorum,
815 4422 836 4515 l
856 4451 1034 4516 Messeniis
1056 4451 1186 4515 colonis
1200 4448 1356 4515 Messana
1376 4438 1562 4533 nominata,
1583 4453 1705 4538 priscis
1725 4453 1794 4536 jam
1815 4464 1898 4519 tem·

145 4566 286 4655 paribus
306 4564 581 4664 Chalcidensium
608 4567 764 4634 eCumis
791 4569 927 4634 colouia
952 4579 1049 4650 esset,
1080 4568 1315 4652 Mamertinos,
1345 4572 1406 4655 qui
1426 4570 1615 4635 Messanam
1639 4574 1897 4656 occupaverant,

146 4706 216 4751 nou
235 4686 347 4752 solum
367 4685 576 4751 Graecorum
594 4687 759 4754 vocabula
785 4691 822 4752 in
843 4689 994 4777 liugnam
1014 4708 1109 4754 suam
1130 4693 1306 4777 recepisse,
1334 4689 1394 4754 sed
1413 4692 1518 4756 verba
1538 4711 1668 4777 quoque
1688 4690 1898 4758 Graecorum

148 4824 245 4871 more
263 4808 406 4888 duxisse,
427 4816 467 4871 ut
486 4806 627 4893 propria
642 4807 810 4892 vquasdam
830 4805 994 4873 dialectus
1014 4811 1199 4891 exsisteret,
1221 4819 1361 4874 naturae
1382 4820 1643 4875 cousentaneum
1663 4822 1722 4876 eet.
1751 4809 1899 4876 Verum·

148 4933 263 4991 tamen
281 4926 348 4991 hoc
372 4945 442 4991 nou
467 4925 504 4989 iu
529 4944 608 4991 eum
628 4925 766 4994 modum
785 4930 912 4995 iactum
931 4935 1025 5014 puto,
1053 4937 1094 4995 ut
1114 4928 1194 4994 Osci
1214 4926 1382 4996 Graecum
1403 4947 1535 5014 quoque
1555 4930 1742 4997 articulum
1763 4949 1900 5018 recepe-
