4244 5722
1039 585 1166 648 -1s
1211 617 1246 632 -
1920 572 1996 675 &tii

1790 670 1802 689 ·
1924 658 2003 717 Ψ,-

290 757 408 832 quarta
428 743 541 809 tabula
560 743 650 806 Fiso
671 741 788 822 datur,
806 741 991 827 ‚Jupiter
1016 763 1119 825 vero,
1150 747 1237 809 sicut
1256 743 1367 809 Mars
1394 757 1428 811 et
1448 745 1627 818 Volion,
1658 742 1867 809 Grabovis
1895 706 2009 819 suffit

291 888 332 931 ne
363 865 435 948 quis
467 871 577 925 autem
596 861 708 925 verbis
729 859 773 934 V,
793 860 827 939 b,
848 862 900 927 24.
922 860 1086 946 Ιυπατεῤ,
1116 861 1221 944 Sede,
1257 883 1337 949 τεφε
1356 881 1435 930 eoas
1457 861 1573 944 Fatis,
1604 863 1639 925 b.
1661 882 1690 925 e.
1712 863 1865 948 Jupiter,
1894 844 2029 942 San'si,

292 986 354 1050 tibi
374 986 438 1046 isto
458 981 588 1061 vitulo,
620 980 818 1063 quibuscum
838 999 976 1064 precum
995 981 1140 1044 formula
1158 980 1246 1067 apud
1268 981 1427 1046 Catonem
1447 982 1485 1045 R.
1509 982 1547 1048 tt
1570 983 1629 1045 141
1649 991 1733 1044 extr.
1756 981 1870 1044 Mars
1887 980 2012 1045 Pater
2031 980 2035 985 ’

273 1136 331 1188 y-
353 1096 390 1164 te
422 1099 525 1161 hoce
555 1117 682 1183 porco
713 1099 884 1184 piaculo
916 1095 1136 1184 comparanda
1166 1109 1231 1178 est,
1261 1119 1366 1161 unum
1386 1099 1538 1184 idemque
1564 1117 1685 1160 numen
1706 1099 2011 1184 signilicariputet,

231 1264 235 1273 -
293 1216 494 1284 mouendum
514 1226 580 1296 est,
601 1219 734 1278 inverso
757 1213 874 1279 ordine
894 1215 940 1297 V,
960 1218 992 1292 b,
1013 1221 1062 1283 17.
1084 1216 1154 1305 legi
1172 1219 1311 1282 Ferreae
1331 1216 1432 1298 Σαζι,
1453 1218 1535 1282 IsFe
1555 1213 1669 1304 Πατρε
1691 1213 1920 1304 obcoecatus,
1938 1217 2011 1281 h.e.

292 1339 429 1424 Vaputo
449 1356 475 1399 s.
498 1336 613 1397 Fausto
636 1328 755 1408 Sarisi,
785 1334 864 1398 Jovi
884 1334 977 1397 Patri
996 1344 1072 1398 ante
1091 1344 1265 1420 precator,
1302 1346 1336 1397 et
1355 1334 1400 1413 V,
1422 1355 1450 1398 a
1475 1337 1561 1417 lsq.
1620 1332 1753 1413 Γεστιζε
1781 1330 1869 1415 Σαζε
1901 1333 2014 1421 assde,

294 1458 378 1522 1er
403 1450 518 1540 Πατρε
539 1452 608 1541 pleps
627 1449 781 1540 περαήνε,
803 1451 836 1512 b.
859 1472 887 1515 e.
910 1454 1048 1523 victima
1068 1449 1173 1514 Santi
1193 1471 1297 1532 sacra,
1318 1452 1398 1516 Jovi
1418 1451 1510 1515 Patri
1530 1453 1649 1515 bovem
1669 1463 1804 1515 castum.
1847 1451 2013 1535 Quoniam

294 1575 350 1637 hic
371 1568 492 1635 Sansis
513 1579 547 1632 et
566 1569 700 1652 Jupiter
719 1587 785 1629 uno
813 1577 942 1631 tantum
969 1571 1103 1631 nominc
1120 1579 1301 1647 vocantur,
1332 1570 1583 1656 cognominibus
1602 1567 1814 1648 dramoni,
1836 1570 2014 1654 Vaputo,

295 1693 419 1770 Abte,
439 1708 507 1750 non
528 1684 661 1750 diversa
680 1688 816 1747 numina
836 1684 978 1749 indicari
998 1697 1090 1770 puto,
1112 1685 1169 1748 sed
1189 1676 1314 1766 eadem,
1336 1708 1419 1771 quae
1439 1691 1475 1750 in
1496 1697 1612 1772 quarta
1631 1688 1744 1751 tabula
1765 1688 1935 1774 leguntur,
1960 1687 2016 1750 ubi

298 1823 408 1875 tamen
429 1805 569 1869 diversis
589 1803 839 1891 cognominibus
860 1803 985 1868 diversi
1006 1802 1055 1866 dii
1075 1804 1317 1868 discernuntur.
1342 1805 1438 1886 Quod
1459 1804 1501 1867 ad
1521 1805 1757 1889 Apollinem
1777 1815 1812 1868 et
1832 1803 2018 1869 Clatram

299 1931 427 1999 attinet,
449 1943 592 2008 quorum
613 1942 689 1984 cum
709 1922 825 2009 figuris
841 1922 988 1985 Lanuins
1004 1921 1127 2010 Saggio
1147 1922 1182 1986 di
1198 1924 1279 2011 ling.
1298 1924 1426 1987 Etrusc.
1440 1923 1528 2009 lI,.p.
1541 1926 1612 1989 541.
1636 1925 1809 2003 conjunxit
1827 1923 2020 2009 Lerpirii

299 2044 512 2128 Santirpii
532 2040 793 2123 inscriptionem,
813 2039 903 2102 baud
923 2040 1023 2103 dubie
1043 2036 1256 2120 Umbricam,
1277 2043 1339 2103 etsi
1359 2042 1544 2125 Lerpirius,
1567 2042 1644 2124 quia
1664 2043 1757 2104 nulla
1777 2060 1846 2105 vox
1862 2040 2021 2104 Umbrica

301 2165 341 2228 ab
367 2165 465 2226 litera
492 2169 507 2222 t
534 2159 669 2241 incipit,
702 2176 787 2217 unus
813 2175 832 2218 e
852 2155 980 2220 Sanctis
1000 2157 1134 2241 Hirpiis
1160 2167 1227 2234 est,
1260 2177 1401 2239 quorum
1422 2158 1546 2221 Plinius
1566 2158 1613 2224 H.
1634 2157 1678 2220 N.
1701 2158 1781 2237 VH,
1802 2162 1832 2223 2
1855 2162 2020 2238 meminit,

301 2282 460 2370 Iguvinae
481 2276 611 2341 tabulae
631 2272 673 2336 de
694 2273 764 2335 illis
784 2274 900 2338 silent:
923 2294 999 2336 nam
1018 2275 1131 2338 verbis
1151 2273 1308 2364 κλετρα
1328 2295 1353 2336 s.
1376 2273 1559 2359 κλετραμ
1580 2276 1606 2355 Ι,
1620 2280 1670 2342 24.
1693 2276 1737 2356 11,
1752 2279 1800 2344 13.
1823 2287 1859 2340 et
1880 2275 2022 2366 alsede

301 2399 347 2478 ΙΙ,
370 2402 419 2464 14.
443 2416 495 2459 res
516 2391 674 2477 quaedam
694 2390 736 2455 ad
756 2392 955 2455 sacrificinm
965 2390 1129 2455 Pomonae
1150 2395 1352 2456 necessariae
1373 2391 1595 2482 designantur,
1618 2398 1755 2458 fortasse
1776 2387 1930 2480 κλήματα
1953 2397 2020 2460 sire

302 2515 447 2592 surculi,
469 2513 581 2575 felicia
601 2531 698 2594 poma
719 2513 879 2588 ferentes,
906 2530 988 2592 quos
1008 2510 1152 2575 Pomona
1173 2509 1267 2575 Ovid.
1290 2510 1340 2574 M.
1362 2509 1458 2592 XIV,
1480 2517 1551 2579 627.
1575 2533 1650 2575 cum
1670 2513 1859 2577 Vertumno
1880 2516 2023 2602 conjuge

304 2633 453 2717 Propert.
477 2629 538 2708 IV,
560 2632 591 2705 2,
615 2632 665 2694 17.
688 2627 826 2691 amabat.
1468 2615 1470 2618 ⁴

469 2750 519 2813 16.
562 2746 804 2834 Argumentum
826 2754 1015 2827 quartae,
1037 2755 1076 2807 ut
1096 2753 1236 2806 sextae
1256 2747 1560 2830 septimaeque,
1591 2748 1724 2823 tabulae
1748 2749 1852 2812 verbo
1870 2747 2029 2834 purdi·

304 2869 406 2946 to(m)
428 2870 516 2929 fust
536 2864 596 2944 VI,
618 2886 649 2943 a,
671 2866 721 2930 42.
745 2875 779 2926 et
798 2863 878 2942 Vll,
899 2884 930 2941 a,
952 2865 1003 2928 45.
1025 2865 1096 2927 sive
1117 2859 1305 2945 nabatea
1325 2883 1438 2950 ‹paos
1457 2864 1519 2943 IV,
1540 2886 1570 2944 a,
1591 2869 1656 2944 39,
1678 2864 1767 2948 quod
1788 2868 1823 2928 in
1841 2867 1906 2929 line
1926 2887 2027 2951 supe·

305 2988 405 3049 rioris
435 2981 619 3069 particulae
649 2983 885 3065 interpretatus
915 2999 1005 3058 snm,
1027 2981 1063 3041 in
1083 2991 1150 3042 tres
1171 2982 1313 3060 majores
1333 2984 1519 3046 minoresve
1545 2993 1653 3066 partes
1675 2982 1800 3064 dividi,
1829 2982 2029 3048 adverbium

305 3105 464 3190 postertio
486 3098 566 3178 VII,
588 3118 618 3176 a,
640 3101 692 3163 46.
723 3100 794 3160 sive
815 3096 1048 3186 πεστερτιθ
1068 3098 1130 3177 17,
1152 3119 1182 3176 a,
1204 3100 1254 3162 40.
1286 3108 1438 3161 testatur.
1481 3100 1521 3162 In
1543 3102 1694 3164 omnibns
1712 3103 1767 3191 ,bis
1788 3102 1955 3188 partibus,
1986 3113 2029 3164 ut

306 3226 341 3284 in
362 3219 499 3303 reliquis
520 3217 643 3281 tabulis
663 3225 798 3300 praeter
817 3217 967 3293 tertiam,
990 3213 1030 3277 de
1050 3218 1151 3278 sacris
1172 3214 1333 3277 faciundis
1354 3220 1519 3302 praecipi,
1548 3239 1587 3281 ex
1608 3222 1736 3304 saepius
1757 3222 1908 3306 repetitis
1927 3231 2029 3303 atque

308 3343 343 3400 in
371 3342 441 3422 ipso
470 3337 534 3396 fine
560 3344 696 3416 quartae
724 3332 854 3395 tabulae
881 3342 955 3397 ante
976 3333 1166 3413 Quaestoris
1187 3333 1325 3396 Romani
1346 3335 1615 3398 ratihabitionem
1636 3341 1752 3423 positis
1772 3339 1911 3401 vocibus
1933 3335 2028 3427 abs·

309 3453 414 3541 πε(ῤ)
436 3450 581 3541 αρΓες,
603 3470 682 3534 quas
703 3451 738 3511 in
759 3431 931 3535 superiore
952 3450 1116 3533 particula
1135 3448 1162 3531 ξ.
1176 3454 1226 3515 21.
1249 3452 1416 3535 explicare
1436 3464 1571 3516 conatus
1591 3477 1675 3535 sum,
1697 3459 1919 3543 cognoscitur.
1961 3456 2030 3518 His

310 3577 415 3662 igitur
434 3571 571 3635 vocibus
593 3571 627 3630 in
650 3577 766 3650 quarta
786 3566 898 3630 tabula
918 3563 1095 3629 duodecies
1116 3570 1264 3651 repetitis
1286 3567 1459 3632 duodecim
1480 3570 1669 3635 indicantur
1689 3575 1863 3654 sacrificia,
1882 3593 2031 3658 quorum

309 3712 385 3755 sena
412 3693 447 3751 in
472 3688 611 3776 singulis
640 3687 768 3773 paginis
796 3685 1055 3768 praecipiuntur.
1105 3682 1171 3746 Sex
1191 3689 1304 3769 priora
1324 3689 1502 3769 sacrificia,
1535 3710 1637 3774 quum
1656 3694 1758 3777 βυφ,
1781 3711 1871 3778 σιφ,
1894 3693 2030 3757 innt-

311 3828 393 3894 vam
403 3853 415 3883 ,
436 3808 468 3870 h.
491 3827 519 3869 e.
544 3806 667 3884 bubus,
689 3804 823 3880 suibus,
845 3802 1005 3890 agnabus,
1033 3803 1128 3880 fiant,
1156 3801 1198 3864 ad
1218 3808 1456 3869 suovetaurilia
1475 3818 1623 3891 spectare
1643 3820 1757 3893 putes3
1789 3821 1824 3873 at
1843 3830 1897 3872 sex
1916 3820 2032 3894 poste-

312 3929 404 3990 riora
424 3925 585 3987 sacrificia
605 3919 888 4006 fiuntFtabatp,
922 3917 1087 4007 απρθφ,
1119 3916 1325 4008 stadam),
1357 3922 1535 4011 Fusium,
1567 3926 1769 4013 thxa(‹p),
1791 3927 1823 3988 h.
1847 3928 2032 4007 eaitnlis,

310 4046 419 4129 apris,
441 4041 622 4127 porcabus,
644 4040 829 4119 vitulabus,
861 4037 1078 4116 juvencabus,
1111 4046 1208 4119 atque
1229 4041 1345 4123 primis
1365 4040 1497 4105 tabulae
1517 4042 1628 4104 verbis
1648 4061 1742 4107 sose
1763 4041 1980 4132 περσκλεμ
2001 4067 2031 4109 s.

313 4173 397 4225 este
429 4159 591 4245 persclo
624 4168 714 4221 certa
741 4156 902 4241 quaedam
926 4157 1080 4219 lustratio
1107 4157 1202 4217 innui
1227 4155 1378 4236 ridetur,
1411 4162 1509 4243 qnia,
1540 4162 1568 4220 si
1589 4170 1676 4223 este
1696 4181 1819 4225 esono
1839 4161 1900 4243 vt,
1921 4164 1955 4244 b,
1976 4164 2030 4232 56.

313 4299 388 4368 cum
409 4297 501 4343 soso
522 4296 642 4342 sessa
663 4275 709 4354 V,
730 4295 761 4354 a,
782 4277 811 4338 2.
837 4284 1065 4358 comparatur,
1088 4293 1180 4339 eoas
1201 4272 1290 4336 idem
1310 4277 1488 4363 significat,
1521 4276 1610 4360 quod
1630 4298 1725 4343 soca
1746 4281 1791 4358 V,
1812 4281 1918 4361 1),24
1942 4281 1975 4343 b.
1999 4302 2029 4346 e.

314 4399 408 4459 isto.
451 4392 562 4475 Quum
583 4401 693 4455 autem
723 4393 758 4452 in
791 4402 908 4475 quarta
938 4391 1053 4454 tabula
1082 4391 1194 4453 verbis
1215 4411 1287 4456 sors
1308 4391 1480 4480 περσκλεμ
1502 4396 1589 4471 oFsg
1612 4394 1800 4483 ανξεριατες
1819 4419 1924 4478 asma,
1944 4399 1976 4461 h.
2001 4420 2029 4463 e.

315 4522 353 4575 ut
374 4513 410 4573 in
429 4512 601 4594 superiore
622 4509 785 4594 particula
806 4509 835 4592 §.
858 4512 898 4573 20
919 4529 966 4591 sq.
988 4510 1119 4586 monui,
1142 4511 1177 4569 in
1199 4511 1279 4572 ista
1299 4509 1560 4576 lustratione
1580 4534 1675 4576 aves
1701 4517 1948 4604 angariales
1968 4520 2034 4580 in·

315 4630 478 4717 dagato,
501 4627 586 4689 nihil
608 4625 767 4706 addatur,
796 4627 861 4687 nisi
881 4624 1061 4705 adjectiva,
1083 4623 1125 4687 sd
1145 4627 1229 4702 oFsc
1250 4623 1438 4714 ανξεριατες
1457 4633 1655 4714 spectantia,
1684 4630 1899 4722 παρναιες,
1925 4655 2034 4703 sao·

315 4767 426 4823 ναες,
448 4748 483 4807 iu
505 4755 596 4808 sexta
616 4746 739 4825 tabula,
760 4745 849 4827 quia,
871 4753 954 4807 teste
975 4742 1135 4807 Cicerone
1154 4743 1195 4808 de
1215 4743 1319 4808 divin.
1342 4744 1369 4826 I,
1390 4750 1443 4825 41,
1465 4759 1549 4812 extr.
1573 4760 1607 4813 et
1627 4753 1691 4831 42.,
1713 4752 1831 4816 Umbri
1850 4755 2035 4839 plurimum

318 4863 584 4949 obtemperabant
615 4865 727 4927 avium
757 4861 1071 4950 significationibus,
1102 4862 1209 4926 tribus
1237 4864 1436 4928 sectionibus
1463 4870 1649 4932 accuratius
1670 4873 1867 4956 e'xponitur,
1897 4871 1981 4959 quid
1994 4875 2053 4977 Q

1976 5012 2055 5105 ffel

1972 5098 2054 5159 &his

1983 5328 1986 5333 .
2031 5320 2055 5363 ’,τι

1999 5532 2018 5581 f*
2048 5540 2060 5587 ἰ.
