<?xml version="1.0" encoding="UTF-8"?>
<!DOCTYPE html PUBLIC "-//W3C//DTD XHTML 1.0 Transitional//EN"
    "http://www.w3.org/TR/xhtml1/DTD/xhtml1-transitional.dtd">
<html xmlns="http://www.w3.org/1999/xhtml" xml:lang="en" lang="en">
 <head>
  <title>
</title>
<meta http-equiv="Content-Type" content="text/html;charset=utf-8" />
  <meta name='ocr-system' content='tesseract 3.04.00' />
  <meta name='ocr-capabilities' content='ocr_page ocr_carea ocr_par ocr_line ocrx_word'/>
</head>
<body>
  <div class='ocr_page' id='page_1' title='image "./rudimentalingua00grotgoog_0039.png"; bbox 0 0 4244 5722; ppageno 0'>
   <div class='ocr_carea' id='block_1_1' title="bbox 941 623 1191 687">
    <p class='ocr_par' dir='ltr' id='par_1_1' title="bbox 941 623 1191 687">
     <span class='ocr_line' id='line_1_1' title="bbox 941 623 1191 687; baseline 0.016 -23"><span class='ocrx_word' id='word_1_1' title='bbox 941 623 1191 687; x_wconf 76' lang='lat'><strong>..32-</strong></span> 
     </span>
    </p>
   </div>
   <div class='ocr_carea' id='block_1_2' title="bbox 181 770 1959 2036">
    <p class='ocr_par' dir='ltr' id='par_1_2' title="bbox 181 770 1959 2036">
     <span class='ocr_line' id='line_1_2' title="bbox 183 770 1956 871; baseline 0.001 -37"><span class='ocrx_word' id='word_1_2' title='bbox 183 771 247 837; x_wconf 91' lang='lat' dir='ltr'><strong>bus</strong></span> <span class='ocrx_word' id='word_1_3' title='bbox 270 770 485 855; x_wconf 81' lang='lat' dir='ltr'>Thucydidis</span> <span class='ocrx_word' id='word_1_4' title='bbox 504 772 663 854; x_wconf 78' lang='grc' dir='ltr'><strong><em>Σικελῶν,</em></strong></span> <span class='ocrx_word' id='word_1_5' title='bbox 691 792 760 838; x_wconf 89' lang='lat' dir='ltr'><strong>nou</strong></span> <span class='ocrx_word' id='word_1_6' title='bbox 776 772 975 866; x_wconf 74' lang='grc' dir='ltr'><strong>Ἀρκάδων,</strong></span> <span class='ocrx_word' id='word_1_7' title='bbox 1004 782 1098 871; x_wconf 85' lang='lat' dir='ltr'><strong>legit.</strong></span> <span class='ocrx_word' id='word_1_8' title='bbox 1139 780 1232 847; x_wconf 90' lang='lat' dir='ltr'><strong>Idem</strong></span> <span class='ocrx_word' id='word_1_9' title='bbox 1259 774 1442 843; x_wconf 90' lang='lat' dir='ltr'><strong>secuudum</strong></span> <span class='ocrx_word' id='word_1_10' title='bbox 1463 775 1605 841; x_wconf 80' lang='lat' dir='ltr'><strong>Cluveri</strong></span> <span class='ocrx_word' id='word_1_11' title='bbox 1625 773 1703 838; x_wconf 89' lang='lat' dir='ltr'><strong>Ital.</strong></span> <span class='ocrx_word' id='word_1_12' title='bbox 1727 774 1832 857; x_wconf 83' lang='lat' dir='ltr'><strong>antiq.</strong></span> <span class='ocrx_word' id='word_1_13' title='bbox 1856 772 1956 848; x_wconf 78' lang='lat' dir='ltr'><strong>init,</strong></span> 
     </span>
     <span class='ocr_line' id='line_1_3' title="bbox 181 888 1958 989; baseline -0.002 -34"><span class='ocrx_word' id='word_1_14' title='bbox 181 911 291 977; x_wconf 74' lang='lat' dir='ltr'><strong>quum</strong></span> <span class='ocrx_word' id='word_1_15' title='bbox 312 899 514 968; x_wconf 76' lang='lat' dir='ltr'><strong>annotasset,</strong></span> <span class='ocrx_word' id='word_1_16' title='bbox 537 890 672 954; x_wconf 88' lang='lat' dir='ltr'><strong>Italiam</strong></span> <span class='ocrx_word' id='word_1_17' title='bbox 684 892 796 978; x_wconf 56' lang='lat' dir='ltr'><strong>‚plura</strong></span> <span class='ocrx_word' id='word_1_18' title='bbox 815 900 953 961; x_wconf 89' lang='lat' dir='ltr'><strong>uomina</strong></span> <span class='ocrx_word' id='word_1_19' title='bbox 973 897 1141 980; x_wconf 88' lang='lat' dir='ltr'><strong>habuisse,</strong></span> <span class='ocrx_word' id='word_1_20' title='bbox 1162 897 1310 964; x_wconf 83' lang='lat' dir='ltr'><strong>addidit:</strong></span> <span class='ocrx_word' id='word_1_21' title='bbox 1338 897 1463 989; x_wconf 79' lang='lat' dir='ltr'><strong>¹»Dicta</strong></span> <span class='ocrx_word' id='word_1_22' title='bbox 1483 905 1535 960; x_wconf 86' lang='lat' dir='ltr'><strong>est</strong></span> <span class='ocrx_word' id='word_1_23' title='bbox 1555 895 1646 959; x_wconf 90' lang='lat' dir='ltr'><strong>enim</strong></span> <span class='ocrx_word' id='word_1_24' title='bbox 1667 892 1848 976; x_wconf 88' lang='lat' dir='ltr'><strong>Hesperia,</strong></span> <span class='ocrx_word' id='word_1_25' title='bbox 1878 888 1958 985; x_wconf 80' lang='lat' dir='ltr'><strong>Au·</strong></span> 
     </span>
     <span class='ocr_line' id='line_1_4' title="bbox 188 1005 1954 1088; baseline 0.001 -19"><span class='ocrx_word' id='word_1_26' title='bbox 188 1011 316 1087; x_wconf 74' lang='lat' dir='ltr'><strong>isonia,</strong></span> <span class='ocrx_word' id='word_1_27' title='bbox 345 1005 518 1088; x_wconf 85' lang='lat' dir='ltr'><strong>Saturnia,</strong></span> <span class='ocrx_word' id='word_1_28' title='bbox 556 1008 715 1075; x_wconf 76' lang='lat' dir='ltr'><strong>Vitatis«.</strong></span> <span class='ocrx_word' id='word_1_29' title='bbox 758 1009 891 1077; x_wconf 86' lang='lat' dir='ltr'><strong>Mirum</strong></span> <span class='ocrx_word' id='word_1_30' title='bbox 921 1017 957 1077; x_wconf 93' lang='lat' dir='ltr'><strong>in</strong></span> <span class='ocrx_word' id='word_1_31' title='bbox 980 1014 1118 1080; x_wconf 91' lang='lat' dir='ltr'><strong>modum</strong></span> <span class='ocrx_word' id='word_1_32' title='bbox 1150 1028 1261 1082; x_wconf 89' lang='lat' dir='ltr'><strong>autem</strong></span> <span class='ocrx_word' id='word_1_33' title='bbox 1284 1017 1396 1081; x_wconf 90' lang='lat' dir='ltr'><strong>omnia</strong></span> <span class='ocrx_word' id='word_1_34' title='bbox 1416 1011 1580 1082; x_wconf 79' lang='lat' dir='ltr'><strong>‚confudit</strong></span> <span class='ocrx_word' id='word_1_35' title='bbox 1611 1011 1737 1075; x_wconf 91' lang='lat' dir='ltr'><strong>Paulus</strong></span> <span class='ocrx_word' id='word_1_36' title='bbox 1758 1007 1954 1085; x_wconf 88' lang='lat' dir='ltr'><strong>Diacouus‚</strong></span> 
     </span>
     <span class='ocr_line' id='line_1_5' title="bbox 183 1124 1955 1221; baseline -0.002 -33"><span class='ocrx_word' id='word_1_37' title='bbox 183 1147 290 1211; x_wconf 73' lang='lat' dir='ltr'><strong>guum</strong></span> <span class='ocrx_word' id='word_1_38' title='bbox 313 1127 497 1189; x_wconf 70' lang='lat' dir='ltr'>scriberet:</span> <span class='ocrx_word' id='word_1_39' title='bbox 543 1127 665 1193; x_wconf 81' lang='lat' dir='ltr'><strong>»ltalia</strong></span> <span class='ocrx_word' id='word_1_40' title='bbox 686 1124 789 1209; x_wconf 83' lang='lat' dir='ltr'><strong>dicta,</strong></span> <span class='ocrx_word' id='word_1_41' title='bbox 822 1130 912 1215; x_wconf 89' lang='lat' dir='ltr'><strong>quod</strong></span> <span class='ocrx_word' id='word_1_42' title='bbox 932 1152 1072 1221; x_wconf 88' lang='lat' dir='ltr'><strong>magnos</strong></span> <span class='ocrx_word' id='word_1_43' title='bbox 1093 1136 1202 1214; x_wconf 88' lang='lat' dir='ltr'><strong>italos,</strong></span> <span class='ocrx_word' id='word_1_44' title='bbox 1230 1134 1295 1197; x_wconf 90' lang='lat' dir='ltr'><strong>hoo</strong></span> <span class='ocrx_word' id='word_1_45' title='bbox 1316 1142 1364 1196; x_wconf 88' lang='lat' dir='ltr'><strong>est</strong></span> <span class='ocrx_word' id='word_1_46' title='bbox 1385 1132 1498 1213; x_wconf 84' lang='lat' dir='ltr'><strong>boves,</strong></span> <span class='ocrx_word' id='word_1_47' title='bbox 1517 1130 1661 1194; x_wconf 72' lang='lat' dir='ltr'><strong>habenta</strong></span> <span class='ocrx_word' id='word_1_48' title='bbox 1694 1126 1799 1192; x_wconf 81' lang='lat' dir='ltr'><strong>vituli</strong></span> <span class='ocrx_word' id='word_1_49' title='bbox 1820 1126 1955 1187; x_wconf 85' lang='lat' dir='ltr'><strong>etenim</strong></span> 
     </span>
     <span class='ocr_line' id='line_1_6' title="bbox 186 1241 1952 1338; baseline 0.009 -33"><span class='ocrx_word' id='word_1_50' title='bbox 186 1244 249 1308; x_wconf 81' lang='lat' dir='ltr'><strong>sab</strong></span> <span class='ocrx_word' id='word_1_51' title='bbox 270 1244 367 1308; x_wconf 88' lang='lat' dir='ltr'><strong>Italis</strong></span> <span class='ocrx_word' id='word_1_52' title='bbox 389 1252 468 1307; x_wconf 88' lang='lat' dir='ltr'><strong>sunt</strong></span> <span class='ocrx_word' id='word_1_53' title='bbox 488 1241 584 1312; x_wconf 90' lang='lat' dir='ltr'><strong>dicti.</strong></span> <span class='ocrx_word' id='word_1_54' title='bbox 628 1244 730 1311; x_wconf 84' lang='lat' dir='ltr'><strong>ltalia</strong></span> <span class='ocrx_word' id='word_1_55' title='bbox 762 1247 803 1309; x_wconf 85' lang='lat' dir='ltr'><strong>eb</strong></span> <span class='ocrx_word' id='word_1_56' title='bbox 832 1247 919 1311; x_wconf 90' lang='lat' dir='ltr'><strong>Italo</strong></span> <span class='ocrx_word' id='word_1_57' title='bbox 945 1269 1039 1338; x_wconf 87' lang='lat' dir='ltr'><strong>rege,</strong></span> <span class='ocrx_word' id='word_1_58' title='bbox 1071 1250 1186 1314; x_wconf 85' lang='lat' dir='ltr'><strong>eadem</strong></span> <span class='ocrx_word' id='word_1_59' title='bbox 1217 1251 1257 1314; x_wconf 87' lang='lat' dir='ltr'><strong>ab</strong></span> <span class='ocrx_word' id='word_1_60' title='bbox 1278 1251 1366 1334; x_wconf 82' lang='lat' dir='ltr'>Atye</span> <span class='ocrx_word' id='word_1_61' title='bbox 1385 1248 1485 1333; x_wconf 80' lang='lat' dir='ltr'><strong>Lydo</strong></span> <span class='ocrx_word' id='word_1_62' title='bbox 1505 1258 1647 1334; x_wconf 88' lang='lat' dir='ltr'><strong>putatur</strong></span> <span class='ocrx_word' id='word_1_63' title='bbox 1668 1244 1877 1333; x_wconf 61' lang='lat' dir='ltr'><strong>appellata«,</strong></span> <span class='ocrx_word' id='word_1_64' title='bbox 1909 1241 1952 1302; x_wconf 62' lang='lat'><strong>1¹¹</strong></span> 
     </span>
     <span class='ocr_line' id='line_1_7' title="bbox 183 1357 1952 1449; baseline -0.003 -23"><span class='ocrx_word' id='word_1_65' title='bbox 183 1382 253 1447; x_wconf 79' lang='lat' dir='ltr'><strong>quo</strong></span> <span class='ocrx_word' id='word_1_66' title='bbox 276 1358 458 1425; x_wconf 80' lang='lat' dir='ltr'><strong>adsedem</strong></span> <span class='ocrx_word' id='word_1_67' title='bbox 480 1364 641 1447; x_wconf 79' lang='lat' dir='ltr'><strong>respexit,</strong></span> <span class='ocrx_word' id='word_1_68' title='bbox 663 1383 750 1448; x_wconf 82' lang='lat' dir='ltr'><strong>quae</strong></span> <span class='ocrx_word' id='word_1_69' title='bbox 761 1363 946 1449; x_wconf 84' lang='lat' dir='ltr'><strong>Dionysius</strong></span> <span class='ocrx_word' id='word_1_70' title='bbox 960 1366 1041 1430; x_wconf 82' lang='lat' dir='ltr'><strong>Hal.</strong></span> <span class='ocrx_word' id='word_1_71' title='bbox 1065 1367 1093 1448; x_wconf 91' lang='lat'><strong>1,</strong></span> <span class='ocrx_word' id='word_1_72' title='bbox 1104 1372 1157 1437; x_wconf 82' lang='lat'><strong>27.</strong></span> <span class='ocrx_word' id='word_1_73' title='bbox 1180 1379 1212 1433; x_wconf 87' lang='lat' dir='ltr'><strong>et</strong></span> <span class='ocrx_word' id='word_1_74' title='bbox 1226 1366 1421 1431; x_wconf 87' lang='lat' dir='ltr'><strong>Herodotus</strong></span> <span class='ocrx_word' id='word_1_75' title='bbox 1433 1367 1462 1448; x_wconf 91' lang='lat'><strong>1,</strong></span> <span class='ocrx_word' id='word_1_76' title='bbox 1473 1370 1525 1435; x_wconf 80' lang='lat' dir='ltr'><strong>sl.</strong></span> <span class='ocrx_word' id='word_1_77' title='bbox 1548 1365 1591 1429; x_wconf 88' lang='lat' dir='ltr'><strong>de</strong></span> <span class='ocrx_word' id='word_1_78' title='bbox 1603 1363 1799 1449; x_wconf 81' lang='lat' dir='ltr'><strong>Tyrrhenis</strong></span> <span class='ocrx_word' id='word_1_79' title='bbox 1819 1357 1952 1422; x_wconf 87' lang='lat' dir='ltr'><strong>retule-</strong></span> 
     </span>
     <span class='ocr_line' id='line_1_8' title="bbox 184 1477 1952 1569; baseline -0.003 -25"><span class='ocrx_word' id='word_1_80' title='bbox 184 1490 279 1547; x_wconf 86' lang='lat' dir='ltr'><strong>runt.</strong></span> <span class='ocrx_word' id='word_1_81' title='bbox 322 1479 469 1563; x_wconf 82' lang='lat' dir='ltr'><strong>Reliqua</strong></span> <span class='ocrx_word' id='word_1_82' title='bbox 489 1478 531 1543; x_wconf 90' lang='lat' dir='ltr'><strong>de</strong></span> <span class='ocrx_word' id='word_1_83' title='bbox 552 1483 642 1566; x_wconf 84' lang='lat' dir='ltr'><strong>typis</strong></span> <span class='ocrx_word' id='word_1_84' title='bbox 663 1501 879 1546; x_wconf 91' lang='lat' dir='ltr'><strong>nummorum</strong></span> <span class='ocrx_word' id='word_1_85' title='bbox 907 1484 1180 1559; x_wconf 88' lang='lat' dir='ltr'><strong>Samniticorum,</strong></span> <span class='ocrx_word' id='word_1_86' title='bbox 1212 1496 1369 1569; x_wconf 78' lang='lat' dir='ltr'><strong>tauquam</strong></span> <span class='ocrx_word' id='word_1_87' title='bbox 1400 1486 1480 1549; x_wconf 88' lang='lat' dir='ltr'><strong>satis</strong></span> <span class='ocrx_word' id='word_1_88' title='bbox 1506 1490 1600 1562; x_wconf 86' lang='lat' dir='ltr'><strong>nota,</strong></span> <span class='ocrx_word' id='word_1_89' title='bbox 1632 1481 1783 1565; x_wconf 90' lang='lat' dir='ltr'><strong>prudeus</strong></span> <span class='ocrx_word' id='word_1_90' title='bbox 1810 1477 1952 1553; x_wconf 89' lang='lat' dir='ltr'><strong>omitto,</strong></span> 
     </span>
     <span class='ocr_line' id='line_1_9' title="bbox 185 1594 1957 1691; baseline -0.002 -32"><span class='ocrx_word' id='word_1_91' title='bbox 185 1596 253 1661; x_wconf 88' lang='lat' dir='ltr'><strong>hoo</strong></span> <span class='ocrx_word' id='word_1_92' title='bbox 274 1604 407 1662; x_wconf 80' lang='lat' dir='ltr'><strong>tautum</strong></span> <span class='ocrx_word' id='word_1_93' title='bbox 428 1594 566 1677; x_wconf 87' lang='lat' dir='ltr'><strong>addens,</strong></span> <span class='ocrx_word' id='word_1_94' title='bbox 599 1606 742 1661; x_wconf 87' lang='lat' dir='ltr'><strong>aetatem</strong></span> <span class='ocrx_word' id='word_1_95' title='bbox 773 1620 990 1665; x_wconf 90' lang='lat' dir='ltr'><strong>nummorum</strong></span> <span class='ocrx_word' id='word_1_96' title='bbox 1011 1622 1029 1664; x_wconf 91' lang='lat' dir='ltr'><strong>e</strong></span> <span class='ocrx_word' id='word_1_97' title='bbox 1050 1605 1139 1687; x_wconf 90' lang='lat' dir='ltr'><strong>typis</strong></span> <span class='ocrx_word' id='word_1_98' title='bbox 1170 1605 1315 1691; x_wconf 77' lang='lat' dir='ltr'>agnosci,</span> <span class='ocrx_word' id='word_1_99' title='bbox 1349 1623 1453 1685; x_wconf 80' lang='lat' dir='ltr'><strong>quum</strong></span> <span class='ocrx_word' id='word_1_100' title='bbox 1482 1602 1540 1666; x_wconf 81' lang='lat' dir='ltr'><strong>vel</strong></span> <span class='ocrx_word' id='word_1_101' title='bbox 1567 1597 1774 1663; x_wconf 80' lang='lat' dir='ltr'><strong>Samnitium</strong></span> <span class='ocrx_word' id='word_1_102' title='bbox 1806 1606 1957 1659; x_wconf 83' lang='lat' dir='ltr'><strong>taurum</strong></span> 
     </span>
     <span class='ocr_line' id='line_1_10' title="bbox 187 1713 1959 1802; baseline -0.002 -23"><span class='ocrx_word' id='word_1_103' title='bbox 187 1717 302 1801; x_wconf 89' lang='lat' dir='ltr'><strong>primo</strong></span> <span class='ocrx_word' id='word_1_104' title='bbox 324 1715 501 1796; x_wconf 87' lang='lat' dir='ltr'><strong>jacentem,</strong></span> <span class='ocrx_word' id='word_1_105' title='bbox 524 1726 560 1780; x_wconf 92' lang='lat' dir='ltr'><strong>at</strong></span> <span class='ocrx_word' id='word_1_106' title='bbox 579 1716 639 1778; x_wconf 92' lang='lat' dir='ltr'><strong>sub</strong></span> <span class='ocrx_word' id='word_1_107' title='bbox 662 1714 747 1778; x_wconf 87' lang='lat' dir='ltr'><strong>duce</strong></span> <span class='ocrx_word' id='word_1_108' title='bbox 768 1717 913 1783; x_wconf 90' lang='lat' dir='ltr'><strong>militari</strong></span> <span class='ocrx_word' id='word_1_109' title='bbox 933 1739 1004 1782; x_wconf 85' lang='lat' dir='ltr'><strong>sese</strong></span> <span class='ocrx_word' id='word_1_110' title='bbox 1035 1719 1256 1802; x_wconf 76' lang='lat' dir='ltr'><strong>attollentem,</strong></span> <span class='ocrx_word' id='word_1_111' title='bbox 1288 1718 1407 1783; x_wconf 88' lang='lat' dir='ltr'><strong>deiude</strong></span> <span class='ocrx_word' id='word_1_112' title='bbox 1430 1720 1663 1783; x_wconf 86' lang='lat' dir='ltr'><strong>Romanorum</strong></span> <span class='ocrx_word' id='word_1_113' title='bbox 1683 1713 1802 1798; x_wconf 92' lang='lat' dir='ltr'><strong>lupum</strong></span> <span class='ocrx_word' id='word_1_114' title='bbox 1824 1727 1959 1800; x_wconf 73' lang='lat' dir='ltr'><strong>aggre-</strong></span> 
     </span>
     <span class='ocr_line' id='line_1_11' title="bbox 188 1830 1959 1922; baseline -0.005 -24"><span class='ocrx_word' id='word_1_115' title='bbox 188 1831 350 1912; x_wconf 89' lang='lat' dir='ltr'><strong>dientem,</strong></span> <span class='ocrx_word' id='word_1_116' title='bbox 373 1833 430 1897; x_wconf 82' lang='lat' dir='ltr'><strong>vel</strong></span> <span class='ocrx_word' id='word_1_117' title='bbox 452 1831 553 1896; x_wconf 90' lang='lat' dir='ltr'><strong>duces</strong></span> <span class='ocrx_word' id='word_1_118' title='bbox 575 1830 733 1913; x_wconf 90' lang='lat' dir='ltr'><strong>duorum,</strong></span> <span class='ocrx_word' id='word_1_119' title='bbox 754 1844 912 1918; x_wconf 79' lang='lat' dir='ltr'><strong>quatuor,</strong></span> <span class='ocrx_word' id='word_1_120' title='bbox 934 1847 1011 1902; x_wconf 92' lang='lat' dir='ltr'><strong>octo</strong></span> <span class='ocrx_word' id='word_1_121' title='bbox 1032 1838 1236 1922; x_wconf 88' lang='lat' dir='ltr'><strong>populorum</strong></span> <span class='ocrx_word' id='word_1_122' title='bbox 1255 1835 1372 1903; x_wconf 81' lang='lat' dir='ltr'><strong>foedus</strong></span> <span class='ocrx_word' id='word_1_123' title='bbox 1382 1836 1585 1902; x_wconf 80' lang='lat' dir='ltr'><strong>Samnitium</strong></span> <span class='ocrx_word' id='word_1_124' title='bbox 1607 1836 1681 1899; x_wconf 85' lang='lat' dir='ltr'><strong>ritu</strong></span> <span class='ocrx_word' id='word_1_125' title='bbox 1702 1851 1797 1896; x_wconf 82' lang='lat' dir='ltr'><strong>seem</strong></span> <span class='ocrx_word' id='word_1_126' title='bbox 1819 1831 1959 1893; x_wconf 82' lang='lat' dir='ltr'><strong>ferieu-</strong></span> 
     </span>
     <span class='ocr_line' id='line_1_12' title="bbox 187 1959 521 2036; baseline -0.009 -19"><span class='ocrx_word' id='word_1_127' title='bbox 187 1963 240 2017; x_wconf 85' lang='lat' dir='ltr'><strong>tes</strong></span> <span class='ocrx_word' id='word_1_128' title='bbox 261 1959 521 2036; x_wconf 83' lang='lat' dir='ltr'><strong>repraesentent.</strong></span> 
     </span>
    </p>
   </div>
   <div class='ocr_carea' id='block_1_3' title="bbox 214 2166 1955 2394">
    <p class='ocr_par' dir='ltr' id='par_1_3' title="bbox 214 2166 1955 2394">
     <span class='ocr_line' id='line_1_13' title="bbox 214 2166 1950 2279; baseline -0.007 -29"><span class='ocrx_word' id='word_1_129' title='bbox 214 2175 250 2250; x_wconf 81' lang='lat'><strong>2.</strong></span> <span class='ocrx_word' id='word_1_130' title='bbox 310 2174 421 2253; x_wconf 77' lang='lat' dir='ltr'><strong>Vasa</strong></span> <span class='ocrx_word' id='word_1_131' title='bbox 445 2170 599 2251; x_wconf 81' lang='lat' dir='ltr'><strong>Nolana</strong></span> <span class='ocrx_word' id='word_1_132' title='bbox 628 2173 726 2249; x_wconf 82' lang='lat' dir='ltr'><strong>Osce</strong></span> <span class='ocrx_word' id='word_1_133' title='bbox 750 2178 941 2276; x_wconf 80' lang='lat' dir='ltr'><strong>inscripta</strong></span> <span class='ocrx_word' id='word_1_134' title='bbox 965 2203 1044 2248; x_wconf 86' lang='lat' dir='ltr'><strong>cum</strong></span> <span class='ocrx_word' id='word_1_135' title='bbox 1068 2180 1255 2253; x_wconf 72' lang='lat' dir='ltr'><strong>nonnullis</strong></span> <span class='ocrx_word' id='word_1_136' title='bbox 1279 2182 1369 2254; x_wconf 83' lang='lat' dir='ltr'><strong>eliis</strong></span> <span class='ocrx_word' id='word_1_137' title='bbox 1393 2172 1718 2279; x_wconf 75' lang='lat' dir='ltr'><strong>inscriptionibus.</strong></span> <span class='ocrx_word' id='word_1_138' title='bbox 1770 2170 1862 2243; x_wconf 87' lang='lat' dir='ltr'><strong>Tab.</strong></span> <span class='ocrx_word' id='word_1_139' title='bbox 1892 2166 1950 2240; x_wconf 90' lang='lat'><strong>11.</strong></span> 
     </span>
     <span class='ocr_line' id='line_1_14' title="bbox 355 2297 1955 2394; baseline -0.006 -26"><span class='ocrx_word' id='word_1_140' title='bbox 355 2305 409 2369; x_wconf 92' lang='lat' dir='ltr'><strong>Ne</strong></span> <span class='ocrx_word' id='word_1_141' title='bbox 431 2304 521 2387; x_wconf 83' lang='lat' dir='ltr'><strong>quod</strong></span> <span class='ocrx_word' id='word_1_142' title='bbox 542 2308 706 2369; x_wconf 75' lang='lat' dir='ltr'><strong>Oscorum</strong></span> <span class='ocrx_word' id='word_1_143' title='bbox 727 2306 988 2390; x_wconf 78' lang='lat' dir='ltr'><strong>inscriptionum</strong></span> <span class='ocrx_word' id='word_1_144' title='bbox 1009 2325 1112 2394; x_wconf 89' lang='lat' dir='ltr'><strong>genus</strong></span> <span class='ocrx_word' id='word_1_145' title='bbox 1134 2308 1334 2372; x_wconf 89' lang='lat' dir='ltr'><strong>intentatum</strong></span> <span class='ocrx_word' id='word_1_146' title='bbox 1355 2309 1593 2391; x_wconf 78' lang='lat' dir='ltr'><strong>relinquerem,</strong></span> <span class='ocrx_word' id='word_1_147' title='bbox 1615 2320 1774 2368; x_wconf 87' lang='lat' dir='ltr'><strong>nummos</strong></span> <span class='ocrx_word' id='word_1_148' title='bbox 1794 2297 1955 2384; x_wconf 84' lang='lat' dir='ltr'><strong>quidem,</strong></span> 
     </span>
    </p>
   </div>
   <div class='ocr_carea' id='block_1_4' title="bbox 189 2414 1961 2741">
    <p class='ocr_par' dir='ltr' id='par_1_4' title="bbox 189 2414 1961 2741">
     <span class='ocr_line' id='line_1_15' title="bbox 190 2414 1957 2507; baseline -0.005 -22"><span class='ocrx_word' id='word_1_149' title='bbox 190 2439 337 2507; x_wconf 70' lang='lat' dir='ltr'><strong>quorum</strong></span> <span class='ocrx_word' id='word_1_150' title='bbox 358 2439 516 2507; x_wconf 87' lang='lat' dir='ltr'><strong>maguam</strong></span> <span class='ocrx_word' id='word_1_151' title='bbox 537 2423 670 2506; x_wconf 87' lang='lat' dir='ltr'><strong>copiam</strong></span> <span class='ocrx_word' id='word_1_152' title='bbox 691 2422 728 2481; x_wconf 91' lang='lat' dir='ltr'><strong>iu</strong></span> <span class='ocrx_word' id='word_1_153' title='bbox 757 2421 1006 2486; x_wconf 84' lang='lat' dir='ltr'><strong>Hauuoverauo</strong></span> <span class='ocrx_word' id='word_1_154' title='bbox 1037 2422 1194 2487; x_wconf 84' lang='lat' dir='ltr'><strong>Diurnali</strong></span> <span class='ocrx_word' id='word_1_155' title='bbox 1215 2427 1447 2488; x_wconf 84' lang='lat' dir='ltr'><strong>numismatico</strong></span> <span class='ocrx_word' id='word_1_156' title='bbox 1468 2421 1751 2501; x_wconf 85' lang='lat' dir='ltr'><strong>V01.11,n.1t.</strong></span> <span class='ocrx_word' id='word_1_157' title='bbox 1776 2414 1957 2490; x_wconf 88' lang='lat' dir='ltr'><strong>recensui,</strong></span> 
     </span>
     <span class='ocr_line' id='line_1_16' title="bbox 189 2532 1960 2628; baseline -0.005 -25"><span class='ocrx_word' id='word_1_158' title='bbox 189 2539 326 2603; x_wconf 89' lang='lat' dir='ltr'><strong>silentio</strong></span> <span class='ocrx_word' id='word_1_159' title='bbox 347 2536 404 2598; x_wconf 89' lang='lat' dir='ltr'><strong>hic</strong></span> <span class='ocrx_word' id='word_1_160' title='bbox 425 2534 764 2621; x_wconf 87' lang='lat' dir='ltr'><strong>praetermittendum</strong></span> <span class='ocrx_word' id='word_1_161' title='bbox 784 2541 912 2622; x_wconf 85' lang='lat' dir='ltr'><strong>putavi,</strong></span> <span class='ocrx_word' id='word_1_162' title='bbox 935 2560 1041 2624; x_wconf 86' lang='lat' dir='ltr'><strong>neque</strong></span> <span class='ocrx_word' id='word_1_163' title='bbox 1064 2551 1174 2604; x_wconf 91' lang='lat' dir='ltr'><strong>tamen</strong></span> <span class='ocrx_word' id='word_1_164' title='bbox 1195 2559 1233 2604; x_wconf 83' lang='lat' dir='ltr'><strong>ea</strong></span> <span class='ocrx_word' id='word_1_165' title='bbox 1254 2562 1334 2604; x_wconf 82' lang='lat' dir='ltr'><strong>vasa</strong></span> <span class='ocrx_word' id='word_1_166' title='bbox 1353 2541 1497 2628; x_wconf 79' lang='lat' dir='ltr'><strong>neglexi,</strong></span> <span class='ocrx_word' id='word_1_167' title='bbox 1519 2540 1642 2622; x_wconf 86' lang='lat' dir='ltr'><strong>quibus</strong></span> <span class='ocrx_word' id='word_1_168' title='bbox 1663 2535 1776 2599; x_wconf 89' lang='lat' dir='ltr'><strong>Nolae</strong></span> <span class='ocrx_word' id='word_1_169' title='bbox 1798 2532 1960 2618; x_wconf 80' lang='lat' dir='ltr'><strong>repertis</strong></span> 
     </span>
     <span class='ocr_line' id='line_1_17' title="bbox 190 2646 1961 2741; baseline -0.005 -21"><span class='ocrx_word' id='word_1_170' title='bbox 190 2651 388 2720; x_wconf 86' lang='lat' dir='ltr'><strong>Gerhardus</strong></span> <span class='ocrx_word' id='word_1_171' title='bbox 409 2655 582 2738; x_wconf 85' lang='lat' dir='ltr'><strong>professor</strong></span> <span class='ocrx_word' id='word_1_172' title='bbox 601 2655 735 2741; x_wconf 87' lang='lat' dir='ltr'><strong>regium</strong></span> <span class='ocrx_word' id='word_1_173' title='bbox 755 2674 906 2718; x_wconf 88' lang='lat' dir='ltr'><strong>museum</strong></span> <span class='ocrx_word' id='word_1_174' title='bbox 926 2656 1143 2720; x_wconf 87' lang='lat' dir='ltr'><strong>Beroliuense</strong></span> <span class='ocrx_word' id='word_1_175' title='bbox 1164 2659 1268 2721; x_wconf 87' lang='lat' dir='ltr'><strong>auxit.</strong></span> <span class='ocrx_word' id='word_1_176' title='bbox 1298 2658 1331 2719; x_wconf 90' lang='lat' dir='ltr'><strong>Is</strong></span> <span class='ocrx_word' id='word_1_177' title='bbox 1352 2678 1410 2720; x_wconf 89' lang='lat' dir='ltr'><strong>sex</strong></span> <span class='ocrx_word' id='word_1_178' title='bbox 1429 2656 1668 2740; x_wconf 85' lang='lat' dir='ltr'><strong>inscriptiones</strong></span> <span class='ocrx_word' id='word_1_179' title='bbox 1680 2654 1781 2715; x_wconf 90' lang='lat' dir='ltr'><strong>Oscas</strong></span> <span class='ocrx_word' id='word_1_180' title='bbox 1803 2652 1843 2712; x_wconf 88' lang='lat' dir='ltr'><strong>iu</strong></span> <span class='ocrx_word' id='word_1_181' title='bbox 1866 2646 1961 2712; x_wconf 84' lang='lat' dir='ltr'><strong>libri</strong></span> 
     </span>
    </p>
   </div>
   <div class='ocr_carea' id='block_1_5' title="bbox 190 2767 2072 2859">
    <p class='ocr_par' dir='ltr' id='par_1_5' title="bbox 190 2767 2072 2859">
     <span class='ocr_line' id='line_1_18' title="bbox 190 2767 2072 2859; baseline -0.003 -21"><span class='ocrx_word' id='word_1_182' title='bbox 190 2793 293 2859; x_wconf 92' lang='lat' dir='ltr'><strong>supra</strong></span> <span class='ocrx_word' id='word_1_183' title='bbox 315 2769 445 2835; x_wconf 90' lang='lat' dir='ltr'><strong>laudati</strong></span> <span class='ocrx_word' id='word_1_184' title='bbox 466 2768 533 2835; x_wconf 87' lang='lat' dir='ltr'><strong>tab.</strong></span> <span class='ocrx_word' id='word_1_185' title='bbox 546 2769 589 2832; x_wconf 90' lang='grc' dir='ltr'><strong>Π.</strong></span> <span class='ocrx_word' id='word_1_186' title='bbox 614 2774 687 2833; x_wconf 88' lang='lat' dir='ltr'><strong>aeri</strong></span> <span class='ocrx_word' id='word_1_187' title='bbox 707 2772 828 2836; x_wconf 86' lang='lat' dir='ltr'><strong>incisas</strong></span> <span class='ocrx_word' id='word_1_188' title='bbox 840 2773 1003 2852; x_wconf 81' lang='lat' dir='ltr'><strong>exhibuit,</strong></span> <span class='ocrx_word' id='word_1_189' title='bbox 1025 2794 1170 2857; x_wconf 79' lang='lat' dir='ltr'><strong>querum</strong></span> <span class='ocrx_word' id='word_1_190' title='bbox 1180 2772 1314 2857; x_wconf 87' lang='lat' dir='ltr'><strong>quidem</strong></span> <span class='ocrx_word' id='word_1_191' title='bbox 1326 2793 1393 2836; x_wconf 90' lang='lat' dir='ltr'><strong>nou</strong></span> <span class='ocrx_word' id='word_1_192' title='bbox 1415 2793 1454 2836; x_wconf 87' lang='lat' dir='ltr'><strong>ea</strong></span> <span class='ocrx_word' id='word_1_193' title='bbox 1474 2774 1596 2848; x_wconf 88' lang='lat' dir='ltr'><strong>solnm,</strong></span> <span class='ocrx_word' id='word_1_194' title='bbox 1617 2788 1705 2854; x_wconf 81' lang='lat' dir='ltr'><strong>quae</strong></span> <span class='ocrx_word' id='word_1_195' title='bbox 1726 2767 1837 2832; x_wconf 89' lang='lat' dir='ltr'><strong>subu.</strong></span> <span class='ocrx_word' id='word_1_196' title='bbox 1850 2768 1954 2835; x_wconf 72' lang='lat'><strong>1615.</strong></span> <span class='ocrx_word' id='word_1_197' title='bbox 2069 2802 2072 2807; x_wconf 95' lang='lat'>·</span> 
     </span>
    </p>
   </div>
   <div class='ocr_carea' id='block_1_6' title="bbox 187 2880 1964 4974">
    <p class='ocr_par' dir='ltr' id='par_1_6' title="bbox 187 2880 1964 4974">
     <span class='ocr_line' id='line_1_19' title="bbox 191 2880 1957 2974; baseline -0.005 -20"><span class='ocrx_word' id='word_1_198' title='bbox 191 2888 331 2955; x_wconf 85' lang='lat' dir='ltr'><strong>Graecis</strong></span> <span class='ocrx_word' id='word_1_199' title='bbox 351 2890 463 2951; x_wconf 88' lang='lat' dir='ltr'><strong>literis</strong></span> <span class='ocrx_word' id='word_1_200' title='bbox 484 2907 504 2950; x_wconf 86' lang='lat' dir='ltr'><strong>a</strong></span> <span class='ocrx_word' id='word_1_201' title='bbox 525 2889 661 2952; x_wconf 85' lang='lat' dir='ltr'><strong>sinistra</strong></span> <span class='ocrx_word' id='word_1_202' title='bbox 681 2888 724 2952; x_wconf 87' lang='lat' dir='ltr'><strong>ad</strong></span> <span class='ocrx_word' id='word_1_203' title='bbox 746 2888 896 2955; x_wconf 87' lang='lat' dir='ltr'><strong>dextram</strong></span> <span class='ocrx_word' id='word_1_204' title='bbox 923 2892 1048 2974; x_wconf 88' lang='lat' dir='ltr'><strong>scripta</strong></span> <span class='ocrx_word' id='word_1_205' title='bbox 1068 2892 1155 2954; x_wconf 92' lang='lat' dir='ltr'><strong>nihil</strong></span> <span class='ocrx_word' id='word_1_206' title='bbox 1176 2894 1242 2954; x_wconf 87' lang='lat' dir='ltr'><strong>uisi</strong></span> <span class='ocrx_word' id='word_1_207' title='bbox 1263 2910 1384 2953; x_wconf 89' lang='lat' dir='ltr'><strong>nomeu</strong></span> <span class='ocrx_word' id='word_1_208' title='bbox 1403 2888 1601 2955; x_wconf 83' lang='grc' dir='ltr'><em>ΠΥΡΙΝΟυ</em></span> <span class='ocrx_word' id='word_1_209' title='bbox 1629 2887 1794 2962; x_wconf 89' lang='lat' dir='ltr'><strong>continet,</strong></span> <span class='ocrx_word' id='word_1_210' title='bbox 1826 2880 1888 2947; x_wconf 89' lang='lat' dir='ltr'><strong>sed</strong></span> <span class='ocrx_word' id='word_1_211' title='bbox 1911 2902 1957 2946; x_wconf 84' lang='lat' dir='ltr'><strong>ea</strong></span> 
     </span>
     <span class='ocr_line' id='line_1_20' title="bbox 190 3001 1955 3094; baseline -0.006 -22"><span class='ocrx_word' id='word_1_212' title='bbox 190 3027 322 3094; x_wconf 85' lang='lat' dir='ltr'><strong>qnoque</strong></span> <span class='ocrx_word' id='word_1_213' title='bbox 344 3005 475 3069; x_wconf 87' lang='lat' dir='ltr'><strong>Graeca</strong></span> <span class='ocrx_word' id='word_1_214' title='bbox 504 3013 565 3084; x_wconf 87' lang='lat' dir='ltr'><strong>est,</strong></span> <span class='ocrx_word' id='word_1_215' title='bbox 599 3026 684 3089; x_wconf 78' lang='lat' dir='ltr'><strong>quae</strong></span> <span class='ocrx_word' id='word_1_216' title='bbox 711 3007 771 3068; x_wconf 90' lang='lat' dir='ltr'><strong>sub</strong></span> <span class='ocrx_word' id='word_1_217' title='bbox 801 3010 951 3074; x_wconf 81' lang='lat' dir='ltr'><strong>n.1616.</strong></span> <span class='ocrx_word' id='word_1_218' title='bbox 978 3005 1078 3071; x_wconf 84' lang='lat' dir='ltr'><strong>rudes</strong></span> <span class='ocrx_word' id='word_1_219' title='bbox 1106 3028 1255 3093; x_wconf 89' lang='lat' dir='ltr'><strong>prorsus,</strong></span> <span class='ocrx_word' id='word_1_220' title='bbox 1287 3027 1408 3072; x_wconf 79' lang='lat' dir='ltr'><strong>verum</strong></span> <span class='ocrx_word' id='word_1_221' title='bbox 1439 3009 1591 3090; x_wconf 85' lang='lat' dir='ltr'><strong>antiquas</strong></span> <span class='ocrx_word' id='word_1_222' title='bbox 1613 3002 1761 3066; x_wconf 85' lang='lat' dir='ltr'><strong>Graecas</strong></span> <span class='ocrx_word' id='word_1_223' title='bbox 1783 3001 1909 3065; x_wconf 84' lang='lat' dir='ltr'><strong>literas</strong></span> <span class='ocrx_word' id='word_1_224' title='bbox 1929 3018 1955 3062; x_wconf 82' lang='lat' dir='ltr'><strong>a</strong></span> 
     </span>
     <span class='ocr_line' id='line_1_21' title="bbox 189 3120 1959 3206; baseline -0.005 -17"><span class='ocrx_word' id='word_1_225' title='bbox 189 3127 328 3189; x_wconf 90' lang='lat' dir='ltr'><strong>sinistra</strong></span> <span class='ocrx_word' id='word_1_226' title='bbox 349 3121 392 3184; x_wconf 89' lang='lat' dir='ltr'><strong>ad</strong></span> <span class='ocrx_word' id='word_1_227' title='bbox 412 3120 567 3186; x_wconf 86' lang='lat' dir='ltr'><strong>dextram</strong></span> <span class='ocrx_word' id='word_1_228' title='bbox 587 3124 624 3183; x_wconf 91' lang='lat' dir='ltr'><strong>iu</strong></span> <span class='ocrx_word' id='word_1_229' title='bbox 647 3122 763 3185; x_wconf 89' lang='lat' dir='ltr'><strong>orbem</strong></span> <span class='ocrx_word' id='word_1_230' title='bbox 785 3133 935 3186; x_wconf 83' lang='lat' dir='ltr'><strong>exaratas</strong></span> <span class='ocrx_word' id='word_1_231' title='bbox 957 3122 1113 3188; x_wconf 89' lang='lat' dir='ltr'><strong>ostendit.</strong></span> <span class='ocrx_word' id='word_1_232' title='bbox 1154 3125 1243 3188; x_wconf 90' lang='lat' dir='ltr'><strong>Nam</strong></span> <span class='ocrx_word' id='word_1_233' title='bbox 1274 3127 1304 3187; x_wconf 89' lang='lat' dir='ltr'><strong>si</strong></span> <span class='ocrx_word' id='word_1_234' title='bbox 1335 3126 1377 3186; x_wconf 89' lang='lat' dir='ltr'><strong>ab</strong></span> <span class='ocrx_word' id='word_1_235' title='bbox 1409 3143 1449 3187; x_wconf 91' lang='lat' dir='ltr'><strong>eo</strong></span> <span class='ocrx_word' id='word_1_236' title='bbox 1480 3125 1566 3201; x_wconf 87' lang='lat' dir='ltr'><strong>loco,</strong></span> <span class='ocrx_word' id='word_1_237' title='bbox 1599 3140 1667 3204; x_wconf 83' lang='lat' dir='ltr'><strong>quo</strong></span> <span class='ocrx_word' id='word_1_238' title='bbox 1695 3122 1810 3206; x_wconf 92' lang='lat' dir='ltr'><strong>prima</strong></span> <span class='ocrx_word' id='word_1_239' title='bbox 1843 3120 1959 3182; x_wconf 79' lang='lat' dir='ltr'><strong>litera</strong></span> 
     </span>
     <span class='ocr_line' id='line_1_22' title="bbox 190 3235 1964 3333; baseline -0.005 -25"><span class='ocrx_word' id='word_1_240' title='bbox 190 3240 392 3331; x_wconf 85' lang='lat' dir='ltr'><strong>epigraphes</strong></span> <span class='ocrx_word' id='word_1_241' title='bbox 413 3235 542 3300; x_wconf 90' lang='lat' dir='ltr'><strong>duabus</strong></span> <span class='ocrx_word' id='word_1_242' title='bbox 563 3238 664 3302; x_wconf 89' lang='lat' dir='ltr'><strong>lineis</strong></span> <span class='ocrx_word' id='word_1_243' title='bbox 695 3242 730 3301; x_wconf 93' lang='lat' dir='ltr'><strong>in</strong></span> <span class='ocrx_word' id='word_1_244' title='bbox 761 3238 795 3301; x_wconf 91' lang='lat' dir='ltr'>V</span> <span class='ocrx_word' id='word_1_245' title='bbox 827 3243 1016 3324; x_wconf 88' lang='lat' dir='ltr'><strong>conjunctis</strong></span> <span class='ocrx_word' id='word_1_246' title='bbox 1047 3252 1161 3306; x_wconf 89' lang='lat' dir='ltr'><strong>notata</strong></span> <span class='ocrx_word' id='word_1_247' title='bbox 1181 3252 1243 3321; x_wconf 91' lang='lat' dir='ltr'><strong>cst,</strong></span> <span class='ocrx_word' id='word_1_248' title='bbox 1273 3242 1453 3305; x_wconf 88' lang='lat' dir='ltr'><strong>lectionem</strong></span> <span class='ocrx_word' id='word_1_249' title='bbox 1472 3241 1626 3333; x_wconf 86' lang='lat' dir='ltr'><strong>incipias,</strong></span> <span class='ocrx_word' id='word_1_250' title='bbox 1659 3238 1745 3301; x_wconf 88' lang='lat' dir='ltr'><strong>haec</strong></span> <span class='ocrx_word' id='word_1_251' title='bbox 1766 3237 1818 3300; x_wconf 90' lang='lat' dir='ltr'><strong>ibi</strong></span> <span class='ocrx_word' id='word_1_252' title='bbox 1839 3235 1964 3300; x_wconf 77' lang='lat' dir='ltr'><strong>verba</strong></span> 
     </span>
     <span class='ocr_line' id='line_1_23' title="bbox 190 3351 1960 3447; baseline -0.004 -23"><span class='ocrx_word' id='word_1_253' title='bbox 190 3359 322 3425; x_wconf 86' lang='lat' dir='ltr'><strong>Graeca</strong></span> <span class='ocrx_word' id='word_1_254' title='bbox 349 3375 527 3444; x_wconf 80' lang='lat' dir='ltr'><strong>agnosces:</strong></span> <span class='ocrx_word' id='word_1_255' title='bbox 570 3354 757 3420; x_wconf 79' lang='grc' dir='ltr'><em>ΛΕΝΑΙΣ</em></span> <span class='ocrx_word' id='word_1_256' title='bbox 775 3354 960 3421; x_wconf 86' lang='grc' dir='ltr'><em>ΑΝΑΙΡΕ</em></span> <span class='ocrx_word' id='word_1_257' title='bbox 987 3356 1021 3419; x_wconf 91' lang='lat' dir='ltr'><strong>h.</strong></span> <span class='ocrx_word' id='word_1_258' title='bbox 1044 3378 1072 3422; x_wconf 90' lang='lat' dir='ltr'><strong>e.</strong></span> <span class='ocrx_word' id='word_1_259' title='bbox 1093 3351 1207 3439; x_wconf 76' lang='grc' dir='ltr'><strong>λὴιαις</strong></span> <span class='ocrx_word' id='word_1_260' title='bbox 1232 3353 1349 3447; x_wconf 71' lang='lat' dir='ltr'><strong>decipe</strong></span> <span class='ocrx_word' id='word_1_261' title='bbox 1379 3361 1450 3422; x_wconf 84' lang='lat' dir='ltr'><strong>sive</strong></span> <span class='ocrx_word' id='word_1_262' title='bbox 1470 3355 1618 3422; x_wconf 75' lang='lat' dir='ltr'><strong>Bacchis</strong></span> <span class='ocrx_word' id='word_1_263' title='bbox 1639 3355 1757 3420; x_wconf 80' lang='lat' dir='ltr'><strong>attolle</strong></span> <span class='ocrx_word' id='word_1_264' title='bbox 1777 3367 1812 3418; x_wconf 89' lang='lat' dir='ltr'><strong>et</strong></span> <span class='ocrx_word' id='word_1_265' title='bbox 1835 3354 1960 3435; x_wconf 79' lang='lat' dir='ltr'><strong>aufer.</strong></span> 
     </span>
     <span class='ocr_line' id='line_1_24' title="bbox 187 3470 1961 3558; baseline -0.005 -15"><span class='ocrx_word' id='word_1_266' title='bbox 187 3480 300 3543; x_wconf 88' lang='lat' dir='ltr'><strong>Etiam</strong></span> <span class='ocrx_word' id='word_1_267' title='bbox 320 3497 354 3538; x_wconf 91' lang='lat' dir='ltr'><strong>u.</strong></span> <span class='ocrx_word' id='word_1_268' title='bbox 379 3473 472 3541; x_wconf 78' lang='lat'>161⁷.</span> <span class='ocrx_word' id='word_1_269' title='bbox 494 3475 657 3557; x_wconf 64' lang='lat' dir='ltr'><strong>‚antiquas</strong></span> <span class='ocrx_word' id='word_1_270' title='bbox 688 3471 824 3558; x_wconf 85' lang='lat' dir='ltr'><strong>quidem</strong></span> <span class='ocrx_word' id='word_1_271' title='bbox 849 3473 1058 3537; x_wconf 87' lang='lat' dir='ltr'><strong>Graecorum</strong></span> <span class='ocrx_word' id='word_1_272' title='bbox 1088 3474 1206 3538; x_wconf 84' lang='lat' dir='ltr'><strong>literas</strong></span> <span class='ocrx_word' id='word_1_273' title='bbox 1236 3473 1393 3551; x_wconf 90' lang='lat' dir='ltr'><strong>ostendit,</strong></span> <span class='ocrx_word' id='word_1_274' title='bbox 1423 3472 1482 3538; x_wconf 88' lang='lat' dir='ltr'><strong>sed</strong></span> <span class='ocrx_word' id='word_1_275' title='bbox 1508 3495 1529 3536; x_wconf 92' lang='lat' dir='ltr'><strong>a</strong></span> <span class='ocrx_word' id='word_1_276' title='bbox 1556 3472 1674 3538; x_wconf 82' lang='lat' dir='ltr'><strong>dextra</strong></span> <span class='ocrx_word' id='word_1_277' title='bbox 1700 3470 1744 3537; x_wconf 86' lang='lat' dir='ltr'><strong>ad</strong></span> <span class='ocrx_word' id='word_1_278' title='bbox 1764 3475 1961 3536; x_wconf 83' lang='lat' dir='ltr'><strong>sinistram</strong></span> 
     </span>
     <span class='ocr_line' id='line_1_25' title="bbox 189 3585 1962 3679; baseline -0.004 -19"><span class='ocrx_word' id='word_1_279' title='bbox 189 3597 356 3660; x_wconf 88' lang='lat' dir='ltr'><strong>Oscorum</strong></span> <span class='ocrx_word' id='word_1_280' title='bbox 377 3609 474 3654; x_wconf 91' lang='lat' dir='ltr'><strong>more</strong></span> <span class='ocrx_word' id='word_1_281' title='bbox 494 3592 649 3676; x_wconf 89' lang='lat' dir='ltr'><strong>scriptas,</strong></span> <span class='ocrx_word' id='word_1_282' title='bbox 682 3610 825 3674; x_wconf 83' lang='lat' dir='ltr'><strong>quarum</strong></span> <span class='ocrx_word' id='word_1_283' title='bbox 846 3585 981 3655; x_wconf 89' lang='lat' dir='ltr'><strong>initium</strong></span> <span class='ocrx_word' id='word_1_284' title='bbox 1004 3591 1103 3657; x_wconf 85' lang='lat' dir='ltr'><strong>lineis</strong></span> <span class='ocrx_word' id='word_1_285' title='bbox 1124 3603 1228 3657; x_wconf 89' lang='lat' dir='ltr'><strong>semet</strong></span> <span class='ocrx_word' id='word_1_286' title='bbox 1248 3593 1433 3657; x_wconf 86' lang='lat' dir='ltr'><strong>secantibus</strong></span> <span class='ocrx_word' id='word_1_287' title='bbox 1457 3597 1492 3664; x_wconf 68' lang='lat' dir='ltr'><strong>sst</strong></span> <span class='ocrx_word' id='word_1_288' title='bbox 1515 3592 1738 3679; x_wconf 84' lang='lat' dir='ltr'><strong>significatur.</strong></span> <span class='ocrx_word' id='word_1_289' title='bbox 1784 3586 1962 3654; x_wconf 72' lang='lat' dir='ltr'><strong>Secunde</strong></span> 
     </span>
     <span class='ocr_line' id='line_1_26' title="bbox 190 3705 1961 3795; baseline -0.002 -19"><span class='ocrx_word' id='word_1_290' title='bbox 190 3712 287 3776; x_wconf 92' lang='lat' dir='ltr'><strong>illius</strong></span> <span class='ocrx_word' id='word_1_291' title='bbox 309 3712 410 3773; x_wconf 90' lang='lat' dir='ltr'><strong>litera</strong></span> <span class='ocrx_word' id='word_1_292' title='bbox 432 3705 563 3772; x_wconf 88' lang='lat' dir='ltr'><strong>Graeco</strong></span> <span class='ocrx_word' id='word_1_293' title='bbox 583 3711 624 3772; x_wconf 89' lang='lat' dir='ltr'><em>A</em></span> <span class='ocrx_word' id='word_1_294' title='bbox 649 3718 719 3772; x_wconf 89' lang='lat' dir='ltr'><strong>tam</strong></span> <span class='ocrx_word' id='word_1_295' title='bbox 746 3711 869 3773; x_wconf 84' lang='lat' dir='ltr'><strong>similis</strong></span> <span class='ocrx_word' id='word_1_296' title='bbox 895 3718 956 3788; x_wconf 85' lang='lat' dir='ltr'><strong>cst,</strong></span> <span class='ocrx_word' id='word_1_297' title='bbox 986 3717 1027 3771; x_wconf 91' lang='lat' dir='ltr'><strong>ut</strong></span> <span class='ocrx_word' id='word_1_298' title='bbox 1046 3709 1190 3772; x_wconf 84' lang='lat' dir='ltr'><strong>VLixeu</strong></span> <span class='ocrx_word' id='word_1_299' title='bbox 1217 3708 1311 3774; x_wconf 86' lang='lat' dir='ltr'><strong>SIPE</strong></span> <span class='ocrx_word' id='word_1_300' title='bbox 1336 3709 1371 3773; x_wconf 90' lang='lat' dir='ltr'><strong>h.</strong></span> <span class='ocrx_word' id='word_1_301' title='bbox 1400 3728 1429 3771; x_wconf 87' lang='lat' dir='ltr'><strong>e.</strong></span> <span class='ocrx_word' id='word_1_302' title='bbox 1465 3709 1583 3775; x_wconf 75' lang='lat' dir='ltr'><strong>Ulixes</strong></span> <span class='ocrx_word' id='word_1_303' title='bbox 1609 3708 1727 3774; x_wconf 82' lang='lat' dir='ltr'><strong>collide</strong></span> <span class='ocrx_word' id='word_1_304' title='bbox 1758 3706 1961 3795; x_wconf 87' lang='lat' dir='ltr'><strong>legendum</strong></span> 
     </span>
     <span class='ocr_line' id='line_1_27' title="bbox 187 3822 1961 3915; baseline -0.004 -19"><span class='ocrx_word' id='word_1_305' title='bbox 187 3829 366 3908; x_wconf 82' lang='lat' dir='ltr'><strong>videatur3</strong></span> <span class='ocrx_word' id='word_1_306' title='bbox 389 3836 426 3890; x_wconf 87' lang='lat' dir='ltr'><strong>at</strong></span> <span class='ocrx_word' id='word_1_307' title='bbox 445 3829 475 3889; x_wconf 92' lang='lat' dir='ltr'><strong>si</strong></span> <span class='ocrx_word' id='word_1_308' title='bbox 496 3824 616 3889; x_wconf 91' lang='lat' dir='ltr'><strong>rudem</strong></span> <span class='ocrx_word' id='word_1_309' title='bbox 636 3827 757 3890; x_wconf 89' lang='lat' dir='ltr'><strong>literae</strong></span> <span class='ocrx_word' id='word_1_310' title='bbox 777 3826 803 3889; x_wconf 90' lang='lat' dir='ltr'><strong>P</strong></span> <span class='ocrx_word' id='word_1_311' title='bbox 824 3828 968 3915; x_wconf 87' lang='lat' dir='ltr'><strong>liguram</strong></span> <span class='ocrx_word' id='word_1_312' title='bbox 989 3844 1171 3911; x_wconf 90' lang='lat' dir='ltr'><strong>compares,</strong></span> <span class='ocrx_word' id='word_1_313' title='bbox 1191 3825 1368 3914; x_wconf 87' lang='lat' dir='ltr'><strong>legendum</strong></span> <span class='ocrx_word' id='word_1_314' title='bbox 1388 3826 1453 3890; x_wconf 89' lang='lat' dir='ltr'><strong>tibi</strong></span> <span class='ocrx_word' id='word_1_315' title='bbox 1472 3828 1540 3890; x_wconf 90' lang='lat' dir='ltr'><strong>erit</strong></span> <span class='ocrx_word' id='word_1_316' title='bbox 1559 3825 1630 3888; x_wconf 89' lang='lat' dir='ltr'><strong>VP.</strong></span> <span class='ocrx_word' id='word_1_317' title='bbox 1649 3823 1755 3907; x_wconf 84' lang='lat' dir='ltr'><strong>SIPE,</strong></span> <span class='ocrx_word' id='word_1_318' title='bbox 1780 3822 1961 3910; x_wconf 78' lang='lat' dir='ltr'><strong>quemad·</strong></span> 
     </span>
     <span class='ocr_line' id='line_1_28' title="bbox 188 3942 1958 4032; baseline -0.003 -19"><span class='ocrx_word' id='word_1_319' title='bbox 188 3947 327 4013; x_wconf 91' lang='lat' dir='ltr'><strong>modum</strong></span> <span class='ocrx_word' id='word_1_320' title='bbox 349 3948 386 4007; x_wconf 93' lang='lat' dir='ltr'><strong>iu</strong></span> <span class='ocrx_word' id='word_1_321' title='bbox 407 3945 515 4006; x_wconf 91' lang='lat' dir='ltr'><strong>musei</strong></span> <span class='ocrx_word' id='word_1_322' title='bbox 536 3945 698 4031; x_wconf 85' lang='lat' dir='ltr'><strong>Borgiaui</strong></span> <span class='ocrx_word' id='word_1_323' title='bbox 719 3953 836 4028; x_wconf 88' lang='lat' dir='ltr'><strong>patera</strong></span> <span class='ocrx_word' id='word_1_324' title='bbox 850 3942 939 4029; x_wconf 88' lang='lat' dir='ltr'><strong>apud</strong></span> <span class='ocrx_word' id='word_1_325' title='bbox 947 3944 1114 4006; x_wconf 76' lang='lat' dir='ltr'><strong>Lennium</strong></span> <span class='ocrx_word' id='word_1_326' title='bbox 1135 3943 1175 4010; x_wconf 87' lang='lat' dir='ltr'><strong>T.</strong></span> <span class='ocrx_word' id='word_1_327' title='bbox 1199 3944 1242 4007; x_wconf 86' lang='grc' dir='ltr'><strong>ΙΙ.</strong></span> <span class='ocrx_word' id='word_1_328' title='bbox 1266 3964 1342 4032; x_wconf 83' lang='lat' dir='ltr'><strong>pag.</strong></span> <span class='ocrx_word' id='word_1_329' title='bbox 1363 3946 1436 4011; x_wconf 83' lang='grc'><strong>608.</strong></span> <span class='ocrx_word' id='word_1_330' title='bbox 1458 3964 1491 4007; x_wconf 90' lang='grc' dir='ltr'><strong>ιι.</strong></span> <span class='ocrx_word' id='word_1_331' title='bbox 1511 3945 1544 4010; x_wconf 80' lang='grc'><strong>5.</strong></span> <span class='ocrx_word' id='word_1_332' title='bbox 1565 3942 1645 4005; x_wconf 83' lang='lat' dir='ltr'><strong>EPE</strong></span> <span class='ocrx_word' id='word_1_333' title='bbox 1661 3943 1696 4007; x_wconf 83' lang='lat' dir='ltr'><strong>h.</strong></span> <span class='ocrx_word' id='word_1_334' title='bbox 1708 3961 1736 4007; x_wconf 89' lang='lat' dir='ltr'><strong>e.</strong></span> <span class='ocrx_word' id='word_1_335' title='bbox 1758 3942 1958 4024; x_wconf 75' lang='lat' dir='ltr'><strong>AEQVAE</strong></span> 
     </span>
     <span class='ocr_line' id='line_1_29' title="bbox 187 4058 1959 4147; baseline -0.003 -17"><span class='ocrx_word' id='word_1_336' title='bbox 187 4062 391 4130; x_wconf 82' lang='lat' dir='ltr'><strong>LATINAE</strong></span> <span class='ocrx_word' id='word_1_337' title='bbox 403 4062 517 4147; x_wconf 87' lang='lat' dir='ltr'><strong>potius</strong></span> <span class='ocrx_word' id='word_1_338' title='bbox 538 4080 638 4144; x_wconf 84' lang='lat' dir='ltr'><strong>quam</strong></span> <span class='ocrx_word' id='word_1_339' title='bbox 649 4060 717 4128; x_wconf 84' lang='lat' dir='ltr'><strong>EL.</strong></span> <span class='ocrx_word' id='word_1_340' title='bbox 731 4058 957 4123; x_wconf 83' lang='lat' dir='ltr'><strong>ELATINAE</strong></span> <span class='ocrx_word' id='word_1_341' title='bbox 978 4058 1155 4147; x_wconf 90' lang='lat' dir='ltr'><strong>legendum</strong></span> <span class='ocrx_word' id='word_1_342' title='bbox 1174 4069 1267 4144; x_wconf 90' lang='lat' dir='ltr'><strong>puto.</strong></span> <span class='ocrx_word' id='word_1_343' title='bbox 1290 4061 1500 4143; x_wconf 82' lang='lat' dir='ltr'><strong>Ipsippesive</strong></span> <span class='ocrx_word' id='word_1_344' title='bbox 1511 4060 1752 4141; x_wconf 78' lang='lat' dir='ltr'><strong>ipsipePaulus</strong></span> <span class='ocrx_word' id='word_1_345' title='bbox 1767 4061 1959 4125; x_wconf 84' lang='lat' dir='ltr'><strong>Diacouus</strong></span> 
     </span>
     <span class='ocr_line' id='line_1_30' title="bbox 189 4176 1956 4268; baseline -0.005 -16"><span class='ocrx_word' id='word_1_346' title='bbox 189 4186 266 4268; x_wconf 83' lang='lat' dir='ltr'><strong>ipsi,</strong></span> <span class='ocrx_word' id='word_1_347' title='bbox 278 4201 380 4266; x_wconf 80' lang='lat' dir='ltr'><strong>neque</strong></span> <span class='ocrx_word' id='word_1_348' title='bbox 402 4180 463 4245; x_wconf 86' lang='lat' dir='ltr'><strong>olii</strong></span> <span class='ocrx_word' id='word_1_349' title='bbox 473 4181 737 4263; x_wconf 66' lang='lat' dir='ltr'><strong>interpretatum</strong></span> <span class='ocrx_word' id='word_1_350' title='bbox 759 4176 819 4241; x_wconf 89' lang='lat' dir='ltr'><strong>sed</strong></span> <span class='ocrx_word' id='word_1_351' title='bbox 834 4199 935 4262; x_wconf 92' lang='lat' dir='ltr'><strong>quum</strong></span> <span class='ocrx_word' id='word_1_352' title='bbox 949 4179 984 4241; x_wconf 93' lang='lat' dir='ltr'><strong>iu</strong></span> <span class='ocrx_word' id='word_1_353' title='bbox 1004 4197 1082 4239; x_wconf 84' lang='lat' dir='ltr'><strong>vase</strong></span> <span class='ocrx_word' id='word_1_354' title='bbox 1093 4176 1226 4241; x_wconf 88' lang='lat' dir='ltr'><strong>Nolano</strong></span> <span class='ocrx_word' id='word_1_355' title='bbox 1246 4196 1290 4260; x_wconf 83' lang='lat' dir='ltr'><strong>up</strong></span> <span class='ocrx_word' id='word_1_356' title='bbox 1302 4178 1436 4265; x_wconf 87' lang='lat' dir='ltr'><strong>legatur</strong></span> <span class='ocrx_word' id='word_1_357' title='bbox 1456 4197 1477 4240; x_wconf 91' lang='lat' dir='ltr'><strong>a</strong></span> <span class='ocrx_word' id='word_1_358' title='bbox 1496 4181 1571 4259; x_wconf 86' lang='lat' dir='ltr'><strong>sipe</strong></span> <span class='ocrx_word' id='word_1_359' title='bbox 1591 4187 1715 4262; x_wconf 90' lang='lat' dir='ltr'><strong>puncto</strong></span> <span class='ocrx_word' id='word_1_360' title='bbox 1737 4179 1956 4258; x_wconf 81' lang='lat' dir='ltr'><strong>sejunctum,</strong></span> 
     </span>
     <span class='ocr_line' id='line_1_31' title="bbox 189 4293 1958 4387; baseline -0.005 -19"><span class='ocrx_word' id='word_1_361' title='bbox 189 4296 413 4387; x_wconf 87' lang='lat' dir='ltr'><strong>comparanda</strong></span> <span class='ocrx_word' id='word_1_362' title='bbox 434 4306 513 4361; x_wconf 89' lang='lat' dir='ltr'><strong>suut</strong></span> <span class='ocrx_word' id='word_1_363' title='bbox 533 4296 615 4360; x_wconf 85' lang='lat' dir='ltr'><strong>haec</strong></span> <span class='ocrx_word' id='word_1_364' title='bbox 636 4298 726 4359; x_wconf 76' lang='lat' dir='ltr'><strong>Festi</strong></span> <span class='ocrx_word' id='word_1_365' title='bbox 744 4296 869 4360; x_wconf 80' lang='lat' dir='ltr'><strong>verba:</strong></span> <span class='ocrx_word' id='word_1_366' title='bbox 895 4295 1197 4383; x_wconf 79' lang='lat' dir='ltr'><strong>»Sopatsiguiiicat</strong></span> <span class='ocrx_word' id='word_1_367' title='bbox 1211 4298 1319 4377; x_wconf 75' lang='lat' dir='ltr'><strong>jocitz</strong></span> <span class='ocrx_word' id='word_1_368' title='bbox 1342 4294 1431 4359; x_wconf 91' lang='lat' dir='ltr'><strong>uude</strong></span> <span class='ocrx_word' id='word_1_369' title='bbox 1452 4296 1592 4377; x_wconf 83' lang='lat' dir='ltr'><strong>dissipet</strong></span> <span class='ocrx_word' id='word_1_370' title='bbox 1612 4293 1741 4375; x_wconf 89' lang='lat' dir='ltr'><strong>disjicit</strong></span> <span class='ocrx_word' id='word_1_371' title='bbox 1762 4306 1799 4360; x_wconf 89' lang='lat' dir='ltr'><strong>et</strong></span> <span class='ocrx_word' id='word_1_372' title='bbox 1811 4296 1958 4381; x_wconf 76' lang='lat' dir='ltr'><strong>obsipat</strong></span> 
     </span>
     <span class='ocr_line' id='line_1_32' title="bbox 190 4412 1956 4501; baseline -0.003 -17"><span class='ocrx_word' id='word_1_373' title='bbox 190 4420 329 4501; x_wconf 86' lang='lat' dir='ltr'><strong>»objicit</strong></span> <span class='ocrx_word' id='word_1_374' title='bbox 351 4427 384 4481; x_wconf 92' lang='lat' dir='ltr'><strong>et</strong></span> <span class='ocrx_word' id='word_1_375' title='bbox 404 4417 531 4497; x_wconf 81' lang='lat' dir='ltr'><strong>insipat</strong></span> <span class='ocrx_word' id='word_1_376' title='bbox 552 4416 624 4478; x_wconf 84' lang='lat' dir='ltr'><strong>sive</strong></span> <span class='ocrx_word' id='word_1_377' title='bbox 645 4416 765 4495; x_wconf 84' lang='lat' dir='ltr'><strong>insipit</strong></span> <span class='ocrx_word' id='word_1_378' title='bbox 786 4416 962 4497; x_wconf 84' lang='lat' dir='ltr'><strong>injicit-</strong></span> <span class='ocrx_word' id='word_1_379' title='bbox 986 4451 1023 4464; x_wconf 92' lang='lat'>-</span> <span class='ocrx_word' id='word_1_380' title='bbox 1044 4446 1086 4458; x_wconf 90' lang='lat'>-</span> <span class='ocrx_word' id='word_1_381' title='bbox 1106 4445 1147 4458; x_wconf 91' lang='lat'><em>-</em></span> <span class='ocrx_word' id='word_1_382' title='bbox 1167 4415 1220 4474; x_wconf 85' lang='lat' dir='ltr'><strong>iar</strong></span> <span class='ocrx_word' id='word_1_383' title='bbox 1240 4414 1275 4473; x_wconf 91' lang='lat' dir='ltr'><strong>iu</strong></span> <span class='ocrx_word' id='word_1_384' title='bbox 1297 4413 1432 4491; x_wconf 73' lang='lat' dir='ltr'><strong>ollam«,</strong></span> <span class='ocrx_word' id='word_1_385' title='bbox 1454 4413 1526 4475; x_wconf 90' lang='lat' dir='ltr'><strong>sive</strong></span> <span class='ocrx_word' id='word_1_386' title='bbox 1545 4414 1668 4496; x_wconf 85' lang='lat' dir='ltr'><strong>potius,</strong></span> <span class='ocrx_word' id='word_1_387' title='bbox 1694 4421 1737 4475; x_wconf 90' lang='lat' dir='ltr'><strong>ut</strong></span> <span class='ocrx_word' id='word_1_388' title='bbox 1760 4412 1956 4479; x_wconf 73' lang='lat' dir='ltr'><strong>neoterius</strong></span> 
     </span>
     <span class='ocr_line' id='line_1_33' title="bbox 188 4500 1956 4625; baseline -0.004 -22"><span class='ocrx_word' id='word_1_389' title='bbox 188 4538 337 4625; x_wconf 86' lang='lat' dir='ltr'><strong>supplet:</strong></span> <span class='ocrx_word' id='word_1_390' title='bbox 372 4534 512 4615; x_wconf 72' lang='lat' dir='ltr'><strong>»insipit</strong></span> <span class='ocrx_word' id='word_1_391' title='bbox 533 4534 634 4595; x_wconf 87' lang='lat' dir='ltr'><strong>etiam</strong></span> <span class='ocrx_word' id='word_1_392' title='bbox 656 4531 795 4609; x_wconf 90' lang='lat' dir='ltr'><strong>dicitur,</strong></span> <span class='ocrx_word' id='word_1_393' title='bbox 818 4529 937 4610; x_wconf 87' lang='lat' dir='ltr'><strong>idest,</strong></span> <span class='ocrx_word' id='word_1_394' title='bbox 959 4531 1082 4609; x_wconf 87' lang='lat' dir='ltr'><strong>injicit,</strong></span> <span class='ocrx_word' id='word_1_395' title='bbox 1105 4529 1442 4624; x_wconf 74' lang='lat' dir='ltr'><strong>pullisierinolamtz</strong></span> <span class='ocrx_word' id='word_1_396' title='bbox 1474 4529 1563 4615; x_wconf 86' lang='lat' dir='ltr'><strong>apud</strong></span> <span class='ocrx_word' id='word_1_397' title='bbox 1584 4529 1727 4593; x_wconf 85' lang='lat' dir='ltr'><strong>Paulum</strong></span> <span class='ocrx_word' id='word_1_398' title='bbox 1748 4500 1956 4596; x_wconf 71' lang='lat' dir='ltr'><strong>Didcouum</strong></span> 
     </span>
     <span class='ocr_line' id='line_1_34' title="bbox 189 4644 1958 4741; baseline -0.005 -22"><span class='ocrx_word' id='word_1_399' title='bbox 189 4658 280 4719; x_wconf 89' lang='lat' dir='ltr'><strong>euim</strong></span> <span class='ocrx_word' id='word_1_400' title='bbox 301 4654 447 4741; x_wconf 86' lang='lat' dir='ltr'><strong>legitur:</strong></span> <span class='ocrx_word' id='word_1_401' title='bbox 473 4652 637 4732; x_wconf 79' lang='lat' dir='ltr'><strong>»Incipere</strong></span> <span class='ocrx_word' id='word_1_402' title='bbox 658 4648 839 4711; x_wconf 87' lang='lat' dir='ltr'><strong>iariuolam</strong></span> <span class='ocrx_word' id='word_1_403' title='bbox 861 4650 972 4727; x_wconf 89' lang='lat' dir='ltr'><strong>jacere</strong></span> <span class='ocrx_word' id='word_1_404' title='bbox 992 4646 1113 4731; x_wconf 89' lang='lat' dir='ltr'><strong>pullis:</strong></span> <span class='ocrx_word' id='word_1_405' title='bbox 1140 4644 1228 4710; x_wconf 88' lang='lat' dir='ltr'><strong>uude</strong></span> <span class='ocrx_word' id='word_1_406' title='bbox 1248 4647 1416 4729; x_wconf 82' lang='lat' dir='ltr'><strong>dissipare,</strong></span> <span class='ocrx_word' id='word_1_407' title='bbox 1437 4646 1597 4728; x_wconf 84' lang='lat' dir='ltr'><strong>odsipore,</strong></span> <span class='ocrx_word' id='word_1_408' title='bbox 1619 4657 1670 4727; x_wconf 92' lang='lat' dir='ltr'><strong>nt,</strong></span> <span class='ocrx_word' id='word_1_409' title='bbox 1693 4668 1799 4732; x_wconf 86' lang='lat' dir='ltr'><strong>quum</strong></span> <span class='ocrx_word' id='word_1_410' title='bbox 1821 4649 1958 4713; x_wconf 87' lang='lat' dir='ltr'><strong>rustici</strong></span> 
     </span>
     <span class='ocr_line' id='line_1_35' title="bbox 188 4762 1956 4851; baseline -0.005 -14"><span class='ocrx_word' id='word_1_411' title='bbox 188 4772 321 4837; x_wconf 90' lang='lat' dir='ltr'><strong>dicunt:</strong></span> <span class='ocrx_word' id='word_1_412' title='bbox 358 4769 505 4851; x_wconf 81' lang='lat' dir='ltr'><strong>»Obsipo</strong></span> <span class='ocrx_word' id='word_1_413' title='bbox 534 4767 638 4850; x_wconf 83' lang='lat' dir='ltr'><strong>pullis</strong></span> <span class='ocrx_word' id='word_1_414' title='bbox 671 4777 806 4831; x_wconf 65' lang='lat' dir='ltr'><strong>escorni.</strong></span> <span class='ocrx_word' id='word_1_415' title='bbox 856 4764 977 4847; x_wconf 85' lang='lat' dir='ltr'><strong>Upsipe</strong></span> <span class='ocrx_word' id='word_1_416' title='bbox 1004 4765 1113 4851; x_wconf 88' lang='lat' dir='ltr'><strong>igitur</strong></span> <span class='ocrx_word' id='word_1_417' title='bbox 1139 4783 1201 4848; x_wconf 91' lang='lat' dir='ltr'><strong>pro</strong></span> <span class='ocrx_word' id='word_1_418' title='bbox 1228 4764 1343 4846; x_wconf 83' lang='lat' dir='ltr'><strong>odeipo</strong></span> <span class='ocrx_word' id='word_1_419' title='bbox 1370 4766 1515 4849; x_wconf 89' lang='lat' dir='ltr'><strong>positum</strong></span> <span class='ocrx_word' id='word_1_420' title='bbox 1537 4774 1598 4844; x_wconf 87' lang='lat' dir='ltr'><strong>est,</strong></span> <span class='ocrx_word' id='word_1_421' title='bbox 1629 4765 1698 4827; x_wconf 83' lang='lat' dir='ltr'><strong>nisi</strong></span> <span class='ocrx_word' id='word_1_422' title='bbox 1720 4766 1843 4829; x_wconf 88' lang='lat' dir='ltr'><strong>literas</strong></span> <span class='ocrx_word' id='word_1_423' title='bbox 1864 4762 1956 4829; x_wconf 89' lang='lat' dir='ltr'><strong>rudi</strong></span> 
     </span>
     <span class='ocr_line' id='line_1_36' title="bbox 188 4878 1958 4974; baseline -0.005 -19"><span class='ocrx_word' id='word_1_424' title='bbox 188 4911 305 4955; x_wconf 88' lang='lat' dir='ltr'><strong>rasura</strong></span> <span class='ocrx_word' id='word_1_425' title='bbox 316 4891 496 4973; x_wconf 89' lang='lat' dir='ltr'><strong>inscriptas</strong></span> <span class='ocrx_word' id='word_1_426' title='bbox 507 4885 624 4974; x_wconf 89' lang='lat' dir='ltr'><strong>legere</strong></span> <span class='ocrx_word' id='word_1_427' title='bbox 635 4886 732 4948; x_wconf 90' lang='lat' dir='ltr'><strong>malis</strong></span> <span class='ocrx_word' id='word_1_428' title='bbox 749 4884 865 4965; x_wconf 83' lang='lat' dir='ltr'><strong>insipc,</strong></span> <span class='ocrx_word' id='word_1_429' title='bbox 887 4878 1164 4964; x_wconf 85' lang='lat' dir='ltr'><strong>quemadmodum</strong></span> <span class='ocrx_word' id='word_1_430' title='bbox 1174 4882 1374 4964; x_wconf 85' lang='lat' dir='ltr'><strong>Pomponius</strong></span> <span class='ocrx_word' id='word_1_431' title='bbox 1384 4882 1617 4948; x_wconf 79' lang='lat' dir='ltr'><strong>Atellanarum</strong></span> <span class='ocrx_word' id='word_1_432' title='bbox 1626 4884 1777 4966; x_wconf 89' lang='lat' dir='ltr'><strong>scriptor</strong></span> <span class='ocrx_word' id='word_1_433' title='bbox 1787 4882 1958 4969; x_wconf 74' lang='lat' dir='ltr'><strong>scripsitr</strong></span> 
     </span>
    </p>
   </div>
   <div class='ocr_carea' id='block_1_7' title="bbox 0 0 2126 5722">
    <p class='ocr_par' dir='ltr' id='par_1_7' title="bbox 0 0 2126 5722">
     <span class='ocr_line' id='line_1_37' title="bbox 0 0 2126 5722; baseline 0 0"><span class='ocrx_word' id='word_1_434' title='bbox 0 0 2126 5722; x_wconf 95' lang='lat' dir='ltr'><strong> </strong></span> 
     </span>
    </p>
   </div>
  </div>
 </body>
</html>
