4244 5722
925 612 1172 713 ...¹7-

189 776 333 857 scripsit.
376 774 426 836 lix
444 772 596 860 linguas,
623 791 723 855 quam
742 772 890 837 Ausones
910 784 1094 858 portatam
1114 779 1185 840 iere
1206 773 1339 840 ltaliam
1367 776 1425 854 (cis
1448 773 1569 838 Strabo
1590 773 1635 855 V,
1646 778 1678 854 3,
1689 778 1720 840 o.
1743 790 1816 860 pag.
1839 770 1913 850 lbi)

190 890 462 979 divulgaverant,
490 889 711 954 similitudine
731 884 807 956 cum
828 889 954 954 Graeca
974 893 1099 955 iactum
1119 902 1186 971 est,
1214 902 1258 956 ut*
1278 892 1383 957 multa
1410 873 1564 955 locorum
1583 893 1737 972 nomina,
1764 892 1801 952 in
1830 906 1913 972 quos

189 1007 310 1073 Graern
327 1026 496 1092 nunquam
515 1009 809 1097 immIgrareruut,
840 1007 987 1074 Graecae
1007 1021 1135 1092 tamen,
1157 1031 1196 1074 ac
1223 1013 1411 1075 Laconicae
1437 1013 1616 1098 praecipue
1644 1011 1701 1073 rel
1716 1005 1912 1097 Arcadicae,

189 1127 342 1214 originis
357 1144 425 1190 esse
450 1134 662 1211 putarentur.
704 1126 797 1214 Ipsos
821 1126 979 1210 Sabinos,
1012 1149 1053 1193 ex
1079 1129 1232 1210 Umbris,
1263 1147 1407 1212 qnorum
1437 1147 1514 1217 gens
1543 1127 1660 1192 Italiae
1685 1124 1915 1209 antiquissima

189 1245 410 1326 existimatur,
431 1246 642 1334 emigrantes,
661 1245 844 1330 multisque
863 1247 939 1310 aliis
960 1248 1093 1333 populis
1113 1247 1242 1312 mediae
1263 1257 1363 1332 atque
1383 1237 1556 1311 insenos-n
1578 1246 1707 1324 Italiae,
1727 1254 1767 1309 nt
1786 1242 1917 1306 Picenis

189 1370 225 1427 et
233 1359 448 1442 Samnitibus,
467 1360 558 1427 unde
578 1364 708 1429 Lucani
727 1383 844 1429 rursus
864 1375 962 1450 atque
981 1367 1108 1432 Bmttii
1129 1369 1255 1456 egressi
1275 1376 1363 1446 runt,
1385 1368 1550 1454 originem
1571 1362 1695 1442 dantes,
1716 1380 1757 1425 ex
1768 1361 1923 1424 Laconia*

190 1477 349 1544 oriundos
370 1479 504 1582 quidam
534 1483 715 1547 memoriae
741 1482 970 1548 tradiderunts
1011 1482 1175 1548 Romanos
1202 1494 1321 1550 contra
1348 1486 1612 1568 antiquissimos,
1640 1482 1727 1545 sicut
1754 1480 1916 1562 Oenotros

189 1607 288 1680 atque
307 1597 490 1681 Peucetios,
510 1598 654 1664 Arcades
673 1601 854 1682 haarnac,
885 1599 1005 1686 quibus
1024 1620 1087 1688 per
1106 1602 1242 1666 Danaen
1262 1603 1319 1666 vel
1339 1592 1522 1665 Herculem
1543 1601 1692 1684 aliosque
1712 1598 1918 1685 Argivorum

191 1714 327 1781 colonos
352 1718 389 1778 in
416 1718 518 1782 Latio
542 1718 664 1805 Argivi
690 1718 830 1784 admixti
857 1719 1086 1804 perhibentur.
1126 1722 1204 1784 -Has
1233 1721 1363 1784 fabulas
1390 1722 1520 1785 invenit
1548 1718 1684 1803 quidem
1712 1716 1920 1780 Graecorum

192 1833 361 1914 sollertia,
390 1854 503 1900 ansam
522 1854 604 1900 vero
624 1835 815 1923 praebuisse
842 1838 1035 1925 linguarum
1055 1838 1327 1934 similitudinem,
1357 1858 1456 1921 quam
1481 1838 1645 1920 reliquiae
1670 1854 1804 1912 ,aarum
1832 1849 1919 1914 qnae

190 1948 298 2014 adbuc
318 1963 468 2034 entant.
479 1964 653 2033 testantur,
676 1974 716 2017 ex
737 1974 777 2018 eo
799 1958 1024 2043 cognoscitur,
1045 1954 1135 2042 quod
1155 1956 1284 2020 Tuscos
1304 1957 1414 2020 Raetis
1436 1955 1562 2018 similes
1583 1974 1603 2018 a
1622 1951 1743 2037 Lydis,
1756 1951 1918 2014 Venetos·

190 2087 256 2153 que
275 2072 458 2156 superioris
478 2071 597 2135 Italiae
617 2093 637 2138 e
656 2071 881 2158 Paphlagonia
901 2075 1023 2156 potius,
1046 2092 1145 2155 quam
1166 2091 1208 2135 ex
1229 2072 1381 2151 Graecia,
1402 2075 1612 2160 immigrasse
1631 2071 1808 2134 linxerunt.
1853 2065 1918 2130 Sed

189 2186 393 2268 similitudo,
414 2207 498 2272 quae
518 2189 702 2273 antiquitus
721 2190 802 2270 fuit,
830 2198 1019 2274 temporum
1040 2185 1183 2254 de'cursu
1202 2208 1265 2276 por
1283 2191 1397 2253 varios
1418 2188 1527 2253 cultus
1548 2190 1758 2270 aliorumque
1779 2185 1919 2272 populo·

190 2322 267 2368 rum
287 2309 488 2371 commercia
508 2309 613 2396 magis
632 2309 802 2397 magisque
822 2307 983 2371 exstincta
1003 2314 1062 2374 est.

355 2427 387 2490 d.
429 2423 574 2489 Umbros
594 2426 701 2488 serius
722 2444 799 2489 oum
817 2422 924 2489 Gallis
944 2423 1027 2490 adeo
1047 2427 1169 2490 mixtos
1189 2427 1324 2503 sclmus,
1344 2435 1384 2488 nt
1403 2421 1583 2487 secuudum
1603 2420 1756 2485 Soliuum
1777 2440 1805 2484 c.
1829 2422 1850 2485 A
1872 2421 1920 2495 (8)

192 2538 369 2646 Gallorum
394 2552 543 2607 veterem
568 2544 785 2632 propaginem
811 2542 968 2607 nonnulli
994 2561 1050 2608 sos
1077 2544 1243 2628 putarint3
1274 2541 1332 2606 ssd
1360 2540 1490 2606 eosdem
1518 2561 1595 2604 cum
1623 2538 1742 2604 Tuscis
1769 2539 1921 2602 finitimis

192 2661 288 2724 varie
307 2662 490 2745 permixtos
511 2663 675 2726 norimus.
728 2659 971 2738 Huiuscemodi
990 2663 1172 2723 mixturam
1192 2661 1265 2744 ipso
1286 2660 1464 2724 umbrorum
1483 2663 1622 2722 nomine
1638 2659 1694 2722 vel
1714 2656 1922 2745 hybridam
2033 2653 2038 2665 ’

193 2779 264 2839 sire
283 2777 479 2854 ibridarrsm,
512 2791 595 2858 quos
616 2783 649 2837 et
667 2772 758 2839 ibros
778 2777 851 2839 sire
878 2775 994 2841 imbros
1019 2774 1197 2854 dixerunt,
1229 2778 1428 2861 appellatam
1456 2777 1608 2863 legimus.
1651 2774 1779 2836 Plinius
1806 2774 1852 2836 H.
1875 2771 1919 2840 N.

192 2888 351 2970 VIIIAE.
370 2911 395 2955 s.
417 2891 468 2956 to.
490 2892 580 2953 euim
600 2907 789 2952 musmones
809 2909 829 2952 a
848 2892 972 2975 priscis
985 2889 1113 2956 ambros
1134 2899 1270 2955 vocatos
1290 2895 1435 2978 scripsit,
1458 2890 1613 2974 idemque
1632 2889 1677 2953 H.
1699 2890 1743 2956 N.
1759 2889 1854 2969 VIII,
1869 2892 1922 2957 63.

192 3030 219 3076 s.
241 3010 292 3076 79·
314 3026 391 3072 cum
412 3004 565 3072 Martiali
579 3005 675 3086 VIII,
686 3007 738 3073 22.
761 3015 797 3070 et
815 3004 944 3081 Isidoro
965 3008 1059 3097 Orig.
1069 3007 1147 3088 XII,
1160 3014 1188 3075 1.
1212 3019 1307 3072 natos
1328 3029 1368 3073 ex
1389 3028 1447 3072 sue
1468 3030 1544 3072 cum
1566 3028 1648 3093 apro
1669 3028 1731 3072 ceu
1752 3006 1922 3071 semiferos

193 3129 332 3214 proprie
351 3125 508 3214 hybridas
534 3109 734 3210 appellatos
745 3123 846 3204 dixit,
875 3127 953 3208 quia
980 3128 1017 3188 in
1044 3128 1140 3191 nullo
1167 3146 1289 3215 genere
1309 3147 1412 3213 aeque
1431 3129 1542 3191 facilis
1562 3128 1710 3192 mixtura
1730 3136 1815 3190 esset
1846 3143 1921 3187 cnm

193 3247 283 3309 ieros
304 3242 393 3308 unde
413 3243 586 3331 Eugenius'
602 3242 785 3307 Toletauus
804 3245 841 3307 in
862 3245 1009 3308 carmine
1030 3241 1140 3309 XXII.
1164 3243 1205 3308 de
1225 3247 1407 3334 ambigenis
1429 3248 1567 3309 cecinit:

439 3360 629 3429 Marmorea
649 3378 750 3446 capra
770 3379 789 3424 e
808 3378 955 3426 verveno
976 3363 1101 3426 semine
1121 3363 1241 3452 gignit,

441 3477 541 3565 Apris
561 3488 659 3563 atque
679 3495 738 3540 sue
758 3487 884 3542 setosus
903 3481 1053 3542 nascitur
1072 3479 1164 3548 toris.

194 3602 323 3686 Aprum
343 3607 456 3663 sutem
480 3596 601 3661 Umbri
622 3593 730 3660 obrem
751 3592 923 3661 dixerunt:
955 3600 1069 3682 itaque
1095 3619 1198 3683 quum
1219 3596 1368 3665 Picentes
1388 3619 1409 3662 a
1427 3602 1504 3683 pico
1525 3598 1670 3675 Martio,
1703 3608 1742 3661 nt
1763 3598 1921 3676 Hirpinos

196 3723 286 3787 inter
305 3714 469 3782 Samnites
488 3735 509 3779 a
529 3716 627 3800 lupo,
655 3716 713 3798 qni
734 3714 849 3798 dispas
876 3712 1067 3796 dicebatur,
1095 3736 1216 3780 nomen
1236 3720 1403 3803 accepisse
1429 3718 1636 3795 noverimus,
1666 3719 1743 3798 qnia
1763 3715 1817 3776 illi
1838 3714 1921 3777 olim

153 3852 156 3858 ·
194 3854 257 3925 per
275 3836 367 3901 veris
385 3836 474 3898 sacri
494 3831 763 3897 consuetudinem
783 3836 906 3919 picum,
927 3834 964 3896 Iri
985 3835 1103 3918 lupum
1122 3833 1240 3899 ducem
1261 3838 1367 3899 secuti
1387 3833 1548 3899 eSabinis
1570 3837 1782 3922 emigrarant,
1805 3827 1921 3915 quidni

195 3940 339 4019 Umbros
370 3953 553 4036 antiquitus
578 3949 702 4019 Aona
727 3962 862 4017 vocatos
887 3961 1056 4038 putemus,
1090 3954 1169 4036 quia
1197 3956 1232 4015 in
1259 3953 1391 4017 Italiam
1411 3954 1638 4041 immigrantes
1665 3971 1783 4037 aprum
1804 3947 1922 4012 ducem

195 4075 380 4162 elegerant:
402 4091 521 4158 aprum
543 4080 633 4135 certe
654 4069 821 4135 Camertes
842 4072 878 4133 in
899 4070 1039 4133 Umbria
1059 4072 1094 4133 in
1116 4074 1258 4135 nummis
1279 4074 1346 4134 suis
1368 4080 1612 4156 expresserunt,
1634 4065 1920 4154 quemadmodum,

196 4195 226 4257 si
246 4210 314 4256 non
334 4192 482 4271 Dolates,
504 4189 730 4254 Ariminenses
749 4188 860 4273 saltim
879 4187 1009 4272 Ulyssis
1030 4200 1138 4274 caput.
1180 4189 1305 4253 Ilmber
1326 4208 1407 4274 aper
1427 4198 1525 4252 notus
1547 4198 1596 4251 est
1616 4206 1635 4250 e
1656 4187 1762 4250 Statio
1783 4185 1828 4262 Il,
1847 4186 1918 4263 4,4.

195 4310 258 4394 1v,
268 4314 375 4393 nia,
396 4319 436 4374 ut
455 4327 577 4395 porcus
597 4307 723 4371 Umber
743 4323 763 4370 e
782 4303 915 4371 Catullo
936 4304 1100 4388 XXXIX,
1112 4312 1176 4387 II.,
1198 4326 1342 4390 quocum
1363 4306 1582 4392 comparanda
1603 4316 1651 4369 est
1671 4304 1792 4384 conjux
1802 4301 1921 4367 Umbri

197 4427 383 4497 rubicunda
401 4429 517 4492 mariti
537 4423 624 4513 apud
645 4423 803 4490 Ovidium
822 4424 862 4488 A.
884 4424 925 4493 A.
946 4424 1090 4504 111,aoa.
1135 4424 1302 4510 Quicquid
1327 4423 1364 4488 id
1391 4435 1457 4504 est,
1489 4423 1660 4490 Aorioma
1687 4441 1807 4485 nomen
1835 4416 1920 4483 antiss

198 4551 392 4636 quissimtm
412 4545 499 4609 mibi
518 4543 655 4611 videtur
672 4563 737 4630 pro
756 4545 884 4607 seriore
897 4543 1090 4625 Umbrorum,
1111 4540 1200 4609 unde
1219 4555 1253 4609 et
1262 4541 1366 4628 Agrii
1386 4562 1461 4607 cum
1471 4532 1711 4628 Aboriginibus
1730 4538 1920 4606 etdamasr'

197 4688 275 4735 cum
294 4664 481 4735 nemone
506 4673 540 4730 et
569 4663 665 4730 orcis
690 4678 812 4725 nornen
840 4672 1048 4748 accepemus.
1091 4662 1227 4727 Horum
1254 4663 1403 4752 lingnam
1430 4671 1540 4726 autem
1568 4663 1745 4746 antiquitas
1772 4657 1920 4722 Graecae

198 4786 404 4853 simillimam
423 4785 542 4862 inisse,
571 4802 612 4846 ex
632 4798 673 4845 eo
693 4761 855 4870 colligere
874 4781 974 4861 licet,
1004 4779 1093 4866 quod
1112 4782 1220 4847 smior
1242 4784 1341 4846 edam
1362 4779 1539 4845 Umbriens
1559 4798 1668 4843 sermo
1689 4781 1725 4841 in
1746 4777 1918 4841 nonnullis

198 4907 328 4973 Graeco
346 4906 485 4993 propior
505 4902 707 4989 reperiatur,
728 4919 828 4984 qnam
846 4899 995 4997 Latinus,
1023 4889 1109 4965 adeo
1124 4911 1166 4967 nt
1185 4905 1256 4987 ipsa
1275 4920 1314 4966 oa
1336 4900 1505 4979 vocabula,
1534 4918 1618 4985 quae
1637 4896 1793 4963 Romanis
1814 4912 1917 4977 seque
