4244 5722
881 613 1087 679 ..13-

125 780 195 844 sn.
218 775 401 841 cmcvm.
423 776 480 840 ur
494 771 505 858 u
519 772 753 838 roaurcrm.
778 771 1072 858 curuamine.
1094 775 1136 837 o.
1158 772 1193 839 s.
1214 772 1250 839 s.
1265 770 1569 858 urscrvuovm.
1585 774 1838 842 cormvuau.

125 901 173 960 sic
194 894 441 982 interpretanda
462 904 526 958 est:
558 893 730 956 Postumus
750 893 942 972 Mimesius,
975 892 1052 975 Gaji
1071 894 1176 972 filius,
1212 894 1253 957 Τ.
1276 893 1468 974 Mimcsius,
1499 893 1592 958 Sexti
1613 896 1716 976 lilius,
1748 895 1842 960 Nero

63 1081 70 1093 ,
125 1012 280 1100 Cupidus,
313 1013 387 1095 Gaji
413 1015 520 1091 filius,
551 1012 673 1091 Rufus,
706 1011 799 1075 Nero
830 1011 984 1091 Babrius,
1005 1011 1078 1074 Titi
1098 1012 1203 1090 lilios,
1237 1012 1337 1089 Gaius
1359 1009 1514 1096 Copidas,
1543 1012 1616 1076 Titi
1637 1014 1743 1093 filius,
1766 1012 1841 1095 Gaji

124 1151 242 1216 nepos,
265 1131 395 1195 Volero
417 1131 612 1207 Volsienus,
635 1129 707 1192 Titi
728 1130 835 1209 lilius,
867 1128 1041 1208 Marones,
1073 1148 1206 1192 murum
1226 1128 1267 1190 ab
1288 1132 1416 1192 fornice
1437 1128 1479 1192 ad
1499 1132 1644 1210 circum,
1683 1143 1716 1196 et
1737 1135 1840 1195 torni-

123 1269 195 1312 cem
217 1252 455 1332 cisternamque
478 1246 517 1310 de
537 1267 597 1309 suo
618 1259 752 1334 sumptu
771 1245 963 1309 faciundum
984 1267 1152 1312 curavere.
1196 1247 1244 1309 Ex
1264 1246 1326 1310 hac
1346 1248 1562 1332 inscriptione
1582 1227 1707 1328 autem,
1740 1271 1842 1333 quum

123 1371 248 1430 mentio
270 1368 327 1430 liat
348 1366 391 1427 V.
414 1364 567 1429 Volsieni
588 1374 623 1428 ct
641 1364 722 1429 Ner.
745 1365 873 1444 Babrii,
900 1365 940 1427 T.
964 1367 1042 1445 filii,
1069 1365 1266 1445 Marouum,
1295 1386 1373 1453 gens
1393 1366 1546 1430 Vestinis
1566 1385 1646 1430 vcro
1668 1369 1704 1427 in
1724 1369 1841 1430 inscri-

123 1488 235 1569 ptione
256 1483 395 1563 Brusae,
426 1503 493 1546 non
513 1484 631 1569 procul
652 1502 673 1544 a
694 1484 821 1558 Bastia,
845 1491 979 1568 reperta
1006 1481 1136 1569 legatur
1156 1480 1244 1565 apud
1265 1481 1482 1569 Vermiglioli
1503 1482 1648 1561 (antiche
1670 1485 1840 1547 iscrizioni

122 1600 303 1688 Perugine,
337 1600 487 1667 edis.11.
512 1599 561 1663 Cl.
585 1598 702 1678 X,nr.
726 1601 811 1678 22),
844 1601 904 1662 illa
926 1601 1016 1684 cippi
1045 1602 1218 1685 inscriptio
1239 1601 1446 1678 illustretur,
1479 1620 1561 1682 quae
1587 1620 1616 1662 a.
1640 1602 1729 1667 1⁷4⁰.
1753 1605 1841 1667 inter

122 1720 263 1781 Bastiam
290 1729 323 1780 et
343 1718 501 1782 Assisium
528 1728 662 1804 reperta
691 1719 756 1798 jam
781 1717 868 1801 apud
882 1717 1014 1793 Mutat.
1037 1715 1172 1797 MMCI,
1192 1721 1222 1781 4.
1246 1727 1280 1781 et
1298 1717 1424 1798 Maffej.
1451 1717 1538 1780 Mus.
1567 1716 1693 1784 Veron.
1717 1717 1838 1800 CXIV,

121 1837 304 1899 correctior
324 1856 405 1899 vero
425 1838 461 1898 in
481 1836 561 1898 libri
583 1835 858 1923 Vermiglioliani
878 1836 976 1897 initio
997 1834 1131 1922 legitur.

286 1955 335 2016 12.
381 1952 502 2038 Cippus
523 1951 703 2015 secundum
723 1950 934 2036 Simplicium
954 1955 989 2012 in
1012 1950 1173 2014 Goesiana
1193 1953 1455 2040 egrimoniorum
1477 1953 1673 2017 collectione
1691 1973 1765 2041 pag.
1788 1956 1838 2021 88.

119 2073 153 2130 iu
176 2090 212 2132 re
233 2073 365 2158 amaria
392 2082 440 2134 est
468 2074 629 2135 terminus
649 2070 691 2133 ad
712 2069 943 2132 discernendos
964 2090 1124 2157 agrorum
1144 2071 1224 2132 lines
1246 2071 1460 2149 constitutus,
1498 2065 1587 2160 ἱερὰς
1607 2065 1685 2160 ὅρος
1705 2070 1840 2149 Suidae,

118 2208 250 2250 sacrum
281 2186 389 2250 medio
423 2187 463 2250 de
493 2190 601 2251 limite
631 2208 746 2249 saxum
776 2184 864 2269 apud
883 2175 1001 2253 iuven.
1024 2184 1120 2265 XVI,
1140 2188 1192 2252 38.
1216 2198 1249 2249 et
1280 2189 1375 2250 limes
1402 2209 1482 2275 agro
1512 2193 1655 2273 positus,
1688 2190 1780 2252 litem
1803 2200 1841 2251 ut

120 2305 320 2368 discerneret
340 2307 449 2384 arvis,
471 2304 557 2390 apud
578 2304 676 2391 Virg.
699 2301 737 2364 A.
760 2301 838 2380 XII,
858 2304 930 2369 898.
974 2303 1112 2383 Limiti,
1147 2305 1205 2387 qni
1233 2323 1253 2366 a
1272 2303 1412 2366 meridie
1440 2302 1482 2366 ad
1502 2310 1759 2391 septentrionem
1780 2304 1840 2368 dn·

119 2423 274 2501 cebatnr,
306 2422 450 2485 cardinis
471 2442 590 2485 nomen
618 2419 761 2484 inditum
783 2430 832 2484 est
852 2439 871 2481 a
891 2418 1005 2481 mundi
1026 2419 1178 2499 cardine,
1211 2431 1250 2484 ut
1269 2422 1424 2509 Hyginus
1454 2420 1608 2486 admouet
1639 2427 1737 2487 initio
1758 2423 1839 2485 libri

120 2539 160 2602 de
181 2540 342 2604 limitibus
364 2537 614 2602 constituendis:
647 2536 734 2600 unde
754 2536 881 2599 Plinius
902 2538 947 2600 H.
969 2537 1011 2599 N.
1034 2535 1164 2615 XVIII,
1187 2542 1226 2605 76
1248 2539 1333 2618 (33).
1368 2536 1525 2618 „Contra
1546 2540 1686 2604 mediam
1707 2545 1837 2621 faciem,

117 2661 184 2736 ait,
217 2654 435 2735 meridies,
467 2676 486 2717 a
517 2657 643 2718 vertice
672 2656 916 2739 septentrio
949 2657 1030 2717 erit:
1063 2656 1121 2737 qni
1142 2658 1190 2718 ita
1210 2656 1305 2719 limes
1325 2676 1387 2741 per
1414 2677 1530 2744 agrum
1553 2662 1678 2738 currit,
1712 2659 1837 2723 cardo

117 2774 339 2859 appellatur.“
382 2774 495 2856 Itaque
517 2774 690 2856 inscriptio
713 2774 803 2856 cippi
823 2774 870 2835 sic
890 2771 1048 2837 vertenda
1075 2783 1139 2836 est:

279 2890 401 2954 AGER.
452 2890 577 2954 EMPS.
620 2889 677 2952 ET
702 2887 713 2973 ΙΙ
737 2888 958 2955 TERMNAS.
1022 2890 1116 2953 OHT
1142 2887 1153 2974 ΙΙ
1271 2890 1307 2953 C.
1414 2893 1458 2955 V.
1481 2892 1691 2957 VISTINIE.

300 3010 388 3098 Ager
449 3020 577 3094 emptus
630 3019 664 3071 et
704 3011 898 3073 terminatus
920 3010 995 3087 (est)
1017 3008 1223 3092 nt(rimque)
1272 3008 1308 3071 C.
1332 3010 1393 3089 (et)
1414 3011 1458 3071 V.
1481 3012 1653 3092 Vestiniis,

279 3127 376 3190 NER.
462 3125 503 3192 T.
526 3124 635 3188 BABR
659 3123 671 3208 ΙΙ
694 3125 863 3190 MARON.
915 3127 997 3211 Mill
1022 3123 1033 3207 ΙΙ
1096 3125 1340 3209 VOIS..NEll.
1370 3128 1452 3191 PRO
1473 3129 1585 3193 PART
1606 3130 1638 3192 K
1661 3136 1672 3208 ΙΙ

279 3245 360 3311 Ner.
383 3243 446 3324 (et)
467 3245 508 3309 T.
531 3245 658 3306 Babriis
679 3243 894 3323 Maronibns,
916 3265 968 3306 me
979 3242 1093 3321 (ridie)
1115 3245 1298 3323 Volsienis,
1372 3264 1433 3330 pro
1474 3260 1569 3331 parte
1609 3247 1786 3326 ll(ardinis)

277 3364 318 3424 T.
421 3361 465 3423 V.
488 3359 724 3422 VOISIENER
747 3359 758 3442 {l
782 3360 925 3428 SACRE.
947 3361 1112 3425 STAHV.

276 3481 316 3545 Τ.
340 3481 401 3560 (et)
421 3480 464 3541 V.
488 3480 664 3542 Volsienis.
787 3478 888 3542 Sacer
928 3489 993 3543 stet
1012 3481 1178 3565 (cippus).

111 3598 301 3664 Notandum
321 3610 370 3661 est
389 3596 567 3681 asyndeton
588 3599 623 3658 in
643 3599 929 3682 praenominibus,
960 3618 1042 3680 quae
1063 3597 1181 3662 desunt
1201 3609 1276 3661 ante
1297 3598 1413 3663 VOlS.
1426 3600 1544 3680 .NER,
1566 3613 1600 3664 et
1620 3601 1706 3684 quod
1729 3622 1835 3686 emps

113 3730 154 3781 et
175 3729 356 3780 termnas
378 3720 539 3800 scriptum
559 3718 602 3777 sit
622 3735 684 3799 pro
707 3725 866 3799 emptus
887 3726 926 3779 et
948 3719 1200 3779 terminatus
1221 3728 1293 3779 est.
1337 3716 1393 3780 Sic
1414 3718 1502 3803 apud
1522 3720 1742 3784 Phavorinum
1766 3713 1834 3784 εὐ-

112 3829 270 3919 dipsas
292 3833 418 3897 Graece
438 3853 500 3916 pro
522 3823 785 3914 εὖδᾶμαστος
804 3832 977 3912 laudatur,
1005 3845 1039 3897 et
1059 3833 1148 3919 apud
1169 3836 1330 3899 Romanos
1353 3835 1513 3900 damnas
1534 3838 1595 3923 pro
1617 3837 1834 3902 damnatus

112 3959 213 4017 etiarn
235 3975 309 4016 cum
330 3953 455 4037 plurali
477 3951 747 4029 construebatur,
769 3954 855 4015 sicut
875 3952 1020 4015 libens.
1065 3952 1348 4033 Quemadmodum
1370 3957 1458 4018 enim
1474 3953 1651 4020 Frontinus
1672 3955 1712 4019 de
1732 3977 1834 4039 aquae

111 4071 199 4135 duct.
222 4072 264 4134 ll.
289 4071 364 4152 „Is‚
392 4072 461 4149 ait,
493 4069 527 4132 P.
551 4070 587 4134 ll.
612 4067 647 4130 C.
671 4071 779 4132 millia
807 4068 885 4132 dare
906 4069 1070 4133 damnas
1091 4071 1227 4151 esto,“
1252 4075 1300 4135 sic
1321 4072 1441 4135 Paulus
1468 4084 1502 4137 et
1521 4072 1681 4138 Scaevola
1700 4077 1735 4136 in
1756 4077 1831 4162 Dig.

111 4190 170 4254 lib.
193 4187 305 4268 XXX,
328 4190 391 4277 leg.
422 4194 471 4256 19.
506 4198 540 4251 et
565 4188 623 4249 lib.
646 4185 790 4266 XXXII,
822 4189 886 4275 leg.
908 4190 959 4254 33.
989 4191 1023 4250 iu
1045 4192 1246 4253 testamentis
1279 4200 1312 4253 et
1343 4191 1471 4279 legibus
1501 4193 1646 4254 formula
1676 4203 1832 4255 utuntur:

109 4309 173 4387 „L.
197 4307 307 4370 Titius
338 4318 371 4371 et
391 4306 427 4371 C.
449 4305 544 4385 Seius
564 4305 599 4367 P.
622 4304 757 4369 Maeuio
790 4304 902 4368 decem
934 4305 1013 4368 dare
1045 4305 1209 4370 damnes
1241 4309 1417 4388 sunto;“
1449 4321 1483 4374 et
1503 4309 1777 4394 quemadmodum
1798 4314 1833 4372 in

109 4428 324 4510 inscriptione
345 4427 468 4487 minori
489 4423 576 4510 apud
586 4424 765 4487 Miloniam
787 4426 955 4487 inMarsis
976 4424 1103 4488 detecta
1123 4424 1263 4490 dicitur:
1287 4426 1395 4506 „Vati
1406 4427 1513 4492 Divae
1524 4430 1676 4493 Vesunae
1698 4431 1833 4492 Erinius

108 4553 142 4606 et
159 4544 279 4606 Erinns
300 4555 395 4628 pater
416 4543 501 4607 dono
523 4544 664 4607 militari
684 4545 836 4618 (sortasse
856 4541 1020 4619 dedere)
1042 4543 1231 4624 libens,“
1252 4547 1300 4607 sic
1321 4545 1410 4629 apud
1420 4544 1515 4610 Grut.
1528 4544 1654 4625 XXlll,
1671 4551 1700 4612 2.
1745 4546 1830 4627 „Cn
1887 4523 1895 4540 ’

108 4659 283 4724 Cornelius
305 4661 457 4742 Charito,
486 4661 524 4723 A.
548 4662 715 4724 Timinius
736 4662 930 4740 Ianuarius,
964 4660 1101 4724 Silvano
1123 4662 1264 4725 libens
1285 4665 1400 4726 animo>
1417 4663 1503 4726 dono
1525 4663 1713 4744 dederc,“
1734 4677 1833 4749 atque

107 4781 143 4840 in
163 4783 250 4843 votis
271 4779 437 4843 solvendis
460 4777 623 4858 XXXVI,
646 4784 677 4845 1.
711 4777 810 4859 „Soli
830 4777 1043 4843 Sanctissimo
1064 4799 1205 4842 sacrum.
1249 4780 1303 4843 Ti.
1328 4779 1485 4844 Claudius
1517 4783 1608 4844 Felix
1639 4795 1672 4847 et
1695 4782 1832 4846 Claudia

88 4894 226 4991 ’Helpis
256 4910 290 4962 et
311 4899 364 4964 Ti.
388 4896 543 4963 Claudius
565 4898 707 4983 Alypus,
729 4898 774 4964 til.
798 4917 932 4978 eorum,
957 4908 1069 4963 votum
1090 4898 1314 4962 solverunt
1334 4899 1470 4968 libens
1491 4901 1663 4981 merito,“
1684 4899 1775 4982 XLI,
1799 4907 1827 4969 7.
