4244 5722
935 564 978 578 ..
1040 535 1084 603 ῃ
1144 568 1185 595 .,.

184 705 260 769 rint
268 701 326 771 val
337 708 555 792 augmentum
572 698 772 785 syllabicum
780 697 880 771 verbi
900 719 1065 783 rseassru
1084 717 1151 786 pre
1169 694 1311 782 iaetus
1330 694 1549 769 admiserint:
1572 701 1657 769 hinc
1671 720 1744 773 nott⁴
1760 704 1798 773 in
1819 716 1943 791 quarto

184 823 297 888 solum
324 840 439 903 versu,
467 817 527 889 sed
555 819 632 884 aliis
663 837 793 905 quoquc
819 819 905 883 locis
930 818 1066 909 singula
1089 817 1197 889 rerba
1222 837 1404 905 perperam
1424 816 1590 893 mmsis
1611 821 1779 907 suspicor·
1829 824 1945 900 Elim
1990 878 2008 905 .

71 984 75 991 -
182 942 326 1011 sorFso
354 959 454 1026 quam
479 956 612 1005 amoro
643 940 809 1026 scriptum
836 938 966 1020 malim,
998 948 1038 1011 ut
1070 947 1172 1004 sotum
1195 938 1426 1017 Hermisium
1449 957 1562 1013 nom
1587 937 1793 1031 dampnetur,
1823 940 1888 1021 ted
1903 945 1943 1011 in

184 1060 300 1124 multis
327 1058 405 1131 aliis
426 1077 557 1145 quoque
583 1062 731 1153 mutatio
749 1057 910 1145 quaedam
930 1054 1140 1131 Graecorum
1167 1060 1373 1131 semuncta
1402 1061 1526 1133 oracta
1545 1061 1711 1137 cernitar,
1749 1058 1940 1133 Nominum

183 1180 332 1257 Euentu
352 1179 527 1258 Kaisesa
548 1181 746 1251 terminatio
764 1189 815 1247 cet
837 1178 969 1259 eadem,
994 1198 1081 1263 quaa
1106 1180 1146 1243 in
1163 1177 1411 1251 Hercmuensi
1429 1188 1465 1245 et
1482 1174 1692 1267 Pompeiana
1707 1180 1944 1266 tmmiptioui-

184 1298 248 1363 bus
268 1316 337 1384 pm
352 1299 406 1368 ius
424 1298 565 1388 legitur,
597 1308 700 1385 atquo
719 1297 755 1371 id
777 1319 909 1387 quoquo
931 1296 1109 1386 Campanis
1134 1299 1385 1380 redemerunt,
1417 1308 1463 1369 ut
1477 1296 1551 1371 dno
1567 1303 1703 1369 nomine
1724 1300 1943 1388 peruerti!

183 1418 237 1483 iun
257 1415 453 1487 desinentia.
495 1417 714 1511 Demagopus
722 1418 857 1505 quidem
866 1419 1121 1489 Hitneronsium
1136 1417 1227 1506 apud
1236 1417 1454 1489 Plutarchum
1467 1418 1679 1504 mronpotu
1688 1422 1741 1491 1⁰.
1768 1412 1944 1499 -Σθόυιῦ

183 1514 363 1616 terrenus,
387 1536 478 1606 scut
504 1537 690 1623 olyntum
714 1538 840 1605 suarm
865 1542 1053 1607 saturius
1076 1541 1115 1605 m
1139 1538 1293 1607 uncum
1316 1540 1393 1620 res
1416 1535 1479 1603 sen
1496 1535 1682 1605 omnium
1701 1537 1838 1607 tetum
1854 1555 1884 1607 s.
1903 1552 1945 1603 v·
1986 1568 1988 1572 Α

184 1653 374 1721 Mamertini
399 1656 473 1739 ipss
502 1654 705 1722 Samnitium
732 1659 901 1745 princeps,
931 1676 1001 1742 quo
1026 1665 1165 1723 auctore
1183 1655 1386 1727 Mamertini
1408 1657 1522 1745 patria
1550 1653 1712 1731 erectim
1738 1654 1824 1736 iussi
1847 1659 1948 1732 aaut,
2008 1703 2011 1707 .

184 1769 365 1837 sthennius
384 1772 527 1838 Mettius
548 1772 735 1844 dicebatur.
776 1775 933 1841 Sthenius
953 1775 1207 1848 Thermitanus,
1236 1772 1333 1849 cuiue
1359 1790 1482 1837 nomen
1507 1774 1545 1831 iu
1572 1774 1770 1835 Himeram
1795 1772 1949 1856 inscrip-

175 1892 279 1954 tione
299 1887 389 1976 apud
410 1888 603 1954 Reinesium
616 1890 668 1971 .11,
680 1894 746 1970 dd,
766 1892 857 1955 sicui
876 1887 968 1973 apud
984 1887 1128 1955 livium
1137 1883 1305 1968 XXXIII,
1315 1889 1363 1966 8,
1381 1884 1522 1955 samue
1536 1886 1710 1971 scriptun,
1725 1895 1786 1966 ast,
1808 1874 1948 1971 saepi&
1994 1920 2000 1935 ·

184 2017 398 2073 memoratur·
412 2007 607 2072 eCicorone
628 2006 835 2070 inVerrinis
856 2006 1082 2085 orationibus,
1099 2002 1258 2090 idemque
1274 2025 1397 2071 nomeu
1405 2003 1565 2074 stennius
1583 2004 1749 2077 scribitur
1768 2003 1809 2067 in
1827 2002 1945 2081 tabula
2012 2056 2019 2063 .

184 2123 318 2211 lapides
339 2124 490 2189 Puteolis
517 2127 636 2189 effossa
661 2120 751 2208 apud
770 2124 964 2185 Rainesium
983 2123 1093 2194 ΜΒ.
1107 2143 1180 2207 pag.
1192 2126 1267 2193 371.
1290 2134 1326 2190 et
1353 2126 1393 2189 iu
1415 2125 1640 2209 inscriptione
1656 2119 1946 2209 Acerrauaapud

185 2244 353 2308 Orellium
372 2263 404 2301 n.
417 2244 513 2307 3716.
563 2233 853 2321 Quemadmodum
880 2234 1017 2306 stemus
1044 2245 1161 2301 noster
1187 2233 1370 2312 Kaisesa
1395 2235 1549 2305 rrum
1579 2237 1719 2321 dicitur,
1749 2241 1798 2309 ain
1824 2238 1944 2309 Sintia

184 2359 298 2431 Caleni
320 2359 446 2446 lepitur
465 2351 556 2440 apud
576 2353 761 2418 Gruterum
781 2352 1076 2437 DCCGXXX,4·;
1097 2346 1431 2422 Sinuessanum
1452 2330 1945 2437 ministeriasecundum,

183 2479 401 2543 Lucanorum
422 2474 702 2559 Bruttiorumque
724 2470 844 2538 ducem
865 2476 901 2537 in
922 2493 963 2539 eo
984 2473 1090 2554 bello,
1111 2491 1179 2559 quo
1200 2473 1328 2560 gemini
1343 2472 1463 2560 populi
1471 2472 1646 2541 Thurinae
1665 2474 1765 2541 urbis
1783 2474 1947 2560 petebant

185 2593 366 2675 excidium,
387 2592 468 2657 Vol.
477 2590 528 2656 Μ.
541 2591 569 2672 1,
580 2595 613 2672 8,
625 2596 657 2661 6.
670 2593 733 2660 280
749 2610 780 2657 a.
793 2611 868 2661 cn.
889 2591 1022 2659 Plinius
1041 2592 1086 2660 H.
1098 2591 1144 2660 N.
1155 2587 1321 2671 XXXIV,
1339 2591 1441 2670 titii).
1469 2593 1616 2659 vocarit.
1670 2591 1789 2659 Galesi
1817 2610 1946 2657 nomen

185 2735 207 2779 a
228 2713 431 2799 Campaniae
453 2710 588 2794 quidem
617 2711 804 2796 municipio
825 2707 949 2776 deduci
968 2721 1090 2797 potest,
1119 2707 1401 2794 'quemadmodum
1424 2709 1552 2794 Usener
1569 2711 1627 2774 uel
1651 2708 1811 2795 Ουφενς
1830 2711 1869 2773 iu
1888 2711 1945 2773 in·

185 2833 370 2919 scriptione
398 2838 514 2893 nostra
543 2826 727 2893 secundum
747 2826 941 2893 Varronem
960 2829 1058 2897 IuL.
1069 2827 1164 2909 VIII,
1176 2837 1261 2895 extr.
1283 2828 1330 2893 ab
1346 2827 1470 2901 Ufente
1495 2830 1602 2894 fluvio
1623 2826 1811 2908 derivatur,
1840 2837 1945 2913 atque

186 2951 307 3018 Olenus
328 2948 471 3016 Calenus
497 2944 673 3011 dicebatur
697 2945 938 3010 celeberrimus
965 2947 1050 3015 ohim
1075 2956 1170 3012 uates
1196 2947 1355 3011 Etruriae
1381 2945 1472 3032 opud
1490 2946 1642 3011 Plinium
1658 2947 1707 3014 Η.
1718 2944 1767 3015 N..
1775 2942 1942 3025 XXVIII,

183 3070 284 3151 2(4).;
316 3066 376 3133 sed
398 3066 551 3135 calentes
578 3065 704 3153 legitur
732 3062 822 3150 apud
843 3062 1042 3135 Ciceronem
1062 3065 1107 3130 ad
1125 3064 1194 3132 hit.
1207 3063 1306 3147 VIII,
1319 3069 1369 3137 12.
1381 3062 1418 3133 0.
1431 3069 1462 3133 l.
1483 3075 1585 3152 atque
1608 3062 1649 3141 Τ,
1671 3063 1823 3137 Colinian
1835 3065 1941 3147 m-

184 3191 284 3255 seiles
304 3190 393 3259 Pano
413 3185 583 3249 Fortunae
604 3181 693 3270 apud
713 3180 901 3251 Gruterum
921 3182 1034 3253 0001.
1076 3186 1134 3255 Sic
1153 3182 1263 3251 Statii
1290 3203 1422 3269 quoque
1449 3203 1573 3249 nomen
1598 3184 1677 3255 Isiu.
1689 3183 1820 3267 xxiv,
1829 3187 1883 3253 19.
1904 3184 1948 3249 im

182 3307 321 3375 Nolana
340 3305 562 3391 inscriptione
581 3301 672 3389 apud
682 3300 868 3369 Gruterum
879 3301 1079 3386 cccxvlt,
1088 3306 1120 3372 ὅ.
1143 3301 1268 3372 Statili
1288 3304 1470 3371 scribitur:
1494 3300 1645 3391 designat
1664 3312 1778 3371 autem
1786 3302 1949 3372 Sauara

184 3429 221 3493 in
248 3426 398 3515 genitivo
428 3443 509 3488 casu
535 3424 683 3508 positum
703 3425 816 3508 >patris
842 3441 981 3505 nomeu,
1005 3426 1167 3510 quonism
1188 3424 1279 3506 Osci,
1314 3434 1354 3489 ut
1381 3444 1402 3488 e
1427 3422 1640 3510 Pompeianis
1662 3418 1949 3507 inscriptionibus

184 3544 359 3625 discimus,
387 3561 511 3608 nomen
530 3539 630 3622 illud,
658 3560 726 3627 quo
747 3542 837 3628 filias
856 3543 1122 3634 significabatur,
1143 3546 1302 3609 omittere
1322 3541 1484 3611 solebant.
1525 3542 1645 3611 Heca
1663 3549 1734 3609 um
1752 3541 1792 3605 in
1811 3540 1947 3625 prima,

186 3685 287 3753 quam
308 3665 344 3725 in
358 3671 641 3748 postremorersu
659 3681 728 3725 una
748 3661 1051 3752 vocejuugendum
1071 3673 1121 3727 est
1141 3681 1205 3748 pro
1227 3665 1306 3742 siro,
1330 3660 1419 3747 quod
1438 3658 1529 3726 idem
1549 3661 1722 3750 signifieat
1742 3669 1846 3743 atque
1870 3676 1947 3733 assu

185 3782 401 3870 incapucnsi
421 3781 660 3864 inscriptione3
681 3780 729 3844 M
732 3803 834 3871 αρας
853 3801 938 3848 roso
959 3784 1129 3872 genitivus
1150 3791 1202 3849 est
1221 3782 1293 3861 ejus
1313 3781 1472 3862 nominis,
1493 3779 1582 3867 quod
1598 3782 1644 3844 M
1648 3775 1752 3868 ὥρης
1771 3781 1947 3863 scriptum

186 3913 237 3969 est
257 3900 347 3988 apud
367 3900 546 3964 Aelianum
556 3898 641 3964 Var.
654 3899 701 3967 H.
714 3897 777 3983 IX,
791 3904 855 3982 16,
877 3903 937 3986 qui
957 3899 1098 3985 quidem
1113 3894 1260 3988 mappa,
1276 3902 1373 3984 qnasi
1383 3897 1553 3965 Gallicum
1573 3919 1696 3964 nomen
1715 3908 1801 3962 esset
1821 3892 1948 3963 March

185 4019 313 4107 (eques)
335 4018 425 4106 apud
446 4018 584 4083 Peucen.
595 4016 640 4098 X,
651 4019 712 4093 19,
734 4013 904 4105 ἱππομιγῆ
921 4021 996 4085 eivs
1016 4017 1221 4085 Gentaurum
1241 4020 1504 4105 interpretatum
1525 4017 1585 4081 sed
1604 4018 1732 4082 rectius
1750 4016 1814 4078 alii
1833 4014 1949 4077 Auso·

90 4175 100 4184 ·
185 4160 267 4204 num
287 4139 427 4205 Mortem
447 4137 656 4226 intelligunt,
678 4135 768 4203 unde
787 4139 919 4205 Moriere
939 4136 1124 4204 secuudum
1143 4136 1365 4202 Plutarchum
1384 4138 1421 4200 in
1441 4135 1558 4201 Mario
1571 4140 1623 4215 46,
1635 4140 1666 4204 3.
1709 4133 1834 4198 Martie
1851 4131 1949 4196 filius

186 4260 377 4323 nominetur
398 4265 459 4321 est.
503 4256 556 4319 An
575 4256 711 4322 Murrus
732 4276 878 4342 quoque,
897 4255 987 4322 unde
1008 4258 1114 4322 Silius
1135 4256 1377 4339 1t.v111,soc·.
1421 4256 1603 4322 Marsorum
1624 4251 1787 4340 oppidum
1807 4251 1950 4316 Murrus-

186 4380 270 4446 oiem
289 4374 438 4458 deducit,
459 4374 599 4441 Mavors
619 4378 676 4454 eit,
698 4377 863 4440 affirmari
884 4378 1019 4464 nequit3
1041 4376 1099 4442 sed
1112 4378 1262 4444 Maricas
1280 4381 1461 4464 conjugem
1474 4374 1627 4438 Faunum
1643 4369 1734 4459 apud
1744 4370 1945 4459 Virgilium

187 4495 228 4563 Δ.
240 4496 383 4575 Vibia.
425 4492 601 4579 Appianus
620 4496 680 4561 lib.
693 4495 721 4559 1.
744 4498 784 4561 in
802 4498 960 4584 Excerpt.
981 4517 1024 4563 ex
1044 4496 1166 4561 Photio
1186 4496 1311 4561 Martie
1330 4496 1441 4559 filium
1462 4490 1557 4573 dicit,
1577 4486 1951 4578 qumsdmodunh

187 4614 342 4683 sidonius·
358 4611 448 4701 apud
467 4612 690 4681 Plutarchum
711 4617 749 4679 in
769 4615 937 4681 Marcello
959 4621 990 4684 1.
1011 4614 1126 4681 mara
1136 4616 1243 4679 filium
1253 4603 1598 4700 Mareoticae'Apeiibs
1614 4613 1860 4692 interpretans
1883 4615 1949 4673 ssi.

187 4731 247 4801 Sic
266 4730 379 4801 Ancus
397 4734 561 4816 Marcius,
582 4755 603 4798 a
623 4752 692 4818 quo
713 4744 792 4799 eunt
810 4735 934 4802 Marcii
952 4734 1061 4821 Reges
1080 4733 1262 4800 secundum
1276 4732 1452 4799 camaram
1471 4730 1565 4817 epod·
1580 4730 1781 4801 Suetonium
1802 4725 1950 4793 cmo.

190 4854 226 4909 ct
250 4848 397 4921 marom
424 4853 619 4922 Coriolanus
646 4850 832 4928 seeundum
858 4853 1077 4921 Plutarchum
1108 4845 1147 4919 in
1171 4852 1301 4922 Carisi
1319 4858 1368 4931 1.,
1393 4861 1445 4919 est
1460 4852 1625 4941 duodone
1650 4849 1713 4918 soi
1728 4844 1886 4936 'siccem⁸
1905 4840 1953 4909 nd
