4244 5722
988 573 1234 654 ..³22-

500 736 570 801 Cur
590 734 767 799 Cremerae
786 736 824 797 iu
844 737 968 820 campis
989 737 1117 802 oomice
1136 735 1192 799 vel
1212 737 1323 799 oscine
1340 755 1442 817 perra

240 886 246 897 ·
383 897 386 900 >
499 852 607 917 Nemo
629 850 728 917 dedrn
748 854 879 916 monuit
897 855 1064 938 perituros
1084 853 1196 918 Marte
1217 856 1352 925 dentre

262 1043 264 1046 ,
499 972 570 1036 Ter
590 981 723 1036 centum
743 971 871 1053 Fabios,
892 973 952 1056 rix
971 960 1076 1058 stirpe
1095 975 1271 1058 superstite
1291 974 1328 1035 in
1347 975 1436 1036 nno?

257 1088 538 1180 Quemadmodum
557 1091 614 1153 hio
634 1092 770 1154 cornice
790 1091 845 1154 vel
872 1093 984 1154 oscine
1004 1110 1105 1175 parra
1131 1094 1267 1156 sinistra
1293 1092 1408 1171 triete,
1438 1091 1488 1166 sio
1516 1085 1604 1171 apud
1629 1086 1785 1151 Plautum
1813 1098 1919 1151 corvo
1941 1094 1978 1151 et

232 1190 356 1300 'parra
377 1210 419 1276 ud
439 1210 574 1275 dextero
593 1209 726 1272 laetum·
739 1206 837 1271 datur
857 1210 1051 1296 augurium
1080 1209 1346 1301 Umbrorumque
1365 1206 1511 1296 παρφαμ
1529 1207 1662 1289 τεσΓαμ
1683 1224 1752 1269 esse
1772 1205 1885 1269 Plauti
1903 1223 1979 1289 par-

257 1352 330 1394 ram
351 1327 532 1408 dexteram,
561 1330 597 1388 in
619 1324 757 1389 dubium
777 1330 892 1389 vocari
912 1330 1036 1410 nequit
1080 1328 1168 1410 Quia
1187 1327 1366 1392 seeundum
1385 1327 1584 1404 Ciceronem
1609 1323 1650 1389 de
1670 1323 1737 1389 dir·
1767 1323 1813 1403 11,
1829 1324 1883 1392 38.
1903 1322 1982 1387 aliis

258 1471 278 1514 a
298 1452 427 1528 laeva?
440 1449 515 1510 aliis
536 1466 556 1509 a
577 1444 695 1508 dextra
714 1444 825 1508 datum
847 1450 896 1509 esi
915 1447 1049 1527 avibus,
1078 1457 1117 1510 ut
1136 1457 1247 1510 ratum
1266 1447 1450 1532 auspicium
1474 1446 1584 1508 iacere
1604 1447 1748 1530 possint,
1774 1445 1811 1504 in
1830 1441 1983 1530 Iguvinis

258 1569 391 1648 tabulis,
413 1577 452 1629 nt
472 1562 560 1651 apud
570 1564 735 1643 Plautum,
757 1562 842 1628 duae
861 1541 937 1628 ares
953 1563 1099 1644 dextrae,
1120 1563 1204 1629 duae
1217 1565 1330 1628 laevae
1341 1573 1516 1644 vocantur,
1536 1566 1599 1627 etsi
1611 1566 1648 1625 in
1659 1562 1848 1625 nominibus
1867 1561 1983 1624 avium

259 1687 448 1762 differentia
474 1681 631 1766 quaedam
657 1685 859 1769 agnoscitur.
902 1681 1012 1768 Supra
1040 1681 1175 1766 quidem
1203 1681 1354 1746 dextram
1381 1701 1518 1744 manum
1545 1679 1634 1766 apud
1660 1680 1804 1744 Umbros
1831 1679 1984 1756 destruat,

134 1872 138 1884 ,
258 1826 326 1870 non
349 1805 489 1869 uernam
508 1822 535 1867 e.
557 1803 681 1865 deornm
708 1800 855 1877 (toiadwo
876 1801 964 1886 apud
983 1802 1147 1880 Uidium),
1176 1803 1345 1867 sinistram
1368 1811 1524 1880 neritum,
1551 1808 1807 1878 nonnarum,
1836 1795 1984 1882 appelia-

260 1936 329 1992 tam
348 1921 511 2000 vidimus3
531 1917 591 1983 sed
609 1919 729 1983 Umbri
754 1923 849 1983 inter
864 1920 1005 1984 dersoom
1027 1930 1061 1984 et
1080 1898 1225 1996 deotrom,
1245 1923 1397 2003 interque
1416 1929 1559 1984 merstem
1580 1930 1614 1983 et
1632 1928 1772 1983 nertrom
1784 1918 1841 1980 sic
1862 1913 1983 1979 distin-

261 2045 348 2106 xisse
377 2039 546 2120 videntur,
575 2049 615 2102 nt
646 2036 766 2101 Graeci
797 2040 927 2120 antiqui
958 2041 1048 2103 inter
1068 2032 1176 2116 δεξιὸν
1196 2047 1293 2122 atque
1314 2035 1488 2126 δεξιτερὸν,
1515 2040 1666 2122 interque
1694 2032 1789 2102 λαιὸν
1817 2056 1844 2098 ι.
1872 2027 1985 2099 σκαιὸν

262 2169 361 2244 atque
381 2151 564 2246 ἀριστερὸν,
587 2167 689 2238 quum
709 2152 797 2239 apud
816 2155 1003 2253 Homerum
1024 2154 1085 2219 od.
1097 2153 1226 2234 XXIV,
1237 2157 1297 2223 311
1309 2175 1356 2239 sq.
1379 2150 1412 2220 oi
1432 2152 1552 2222 ἐσθλοὶ
1571 2151 1705 2245 ὄρνιθες
1723 2148 1791 2218 non
1811 2146 1984 2234 δεξιτεροῖ,

262 2277 319 2343 sed
340 2272 444 2355 δεξιοὶ
462 2284 636 2352 vocentur,
657 2276 700 2335 cf.
724 2274 768 2337 Jl.
791 2273 920 2355 XXIV,
932 2275 1003 2340 294.
1015 2276 1087 2340 312.
1101 2274 1173 2342 320.
1196 2271 1256 2338 Od
1279 2271 1358 2353 XV,
1370 2274 1604 2341 tentatore.
1616 2275 1689 2341 531.

373 2426 376 2432 ·
427 2394 477 2461 17.
520 2392 727 2457 Graecorum
746 2400 889 2476 augures
908 2393 1169 2477 septentrionem
1188 2409 1303 2455 versus
1324 2398 1497 2477 epectasis,
1519 2410 1561 2454 ex
1581 2391 1682 2460 Hem.
1704 2389 1750 2456 Ji.
1771 2387 1851 2470 x11,
1864 2390 1984 2470 239111.

264 2513 501 2602 intelligimus3
534 2508 591 2574 sed
611 2486 794 2572 Romanum
821 2528 982 2597 augurem
1003 2507 1120 2572 Cicero
1143 2507 1183 2572 de
1204 2509 1272 2575 dir.
1296 2509 1324 2589 I,
1349 2512 1398 2576 17.
1420 2507 1462 2572 ad
1490 2507 1666 2572 meridiem
1685 2517 1886 2595 spectantem
1906 2523 1985 2568 oon-

264 2634 387 2696 atitieee
399 2629 494 2694 dixit
520 2629 612 2691 Hinc
632 2626 722 2691 idem
742 2626 871 2690 dediv.
896 2626 941 2708 11,
951 2627 1002 2694 36ss
1017 2629 1082 2690 alia
1103 2627 1179 2693 aliis
1201 2630 1335 2691 sinistra
1354 2630 1455 2691 inisse
1476 2629 1620 2714 scripsit,
1641 2636 1680 2691 ut
1700 2625 1860 2712 quaedam
1880 2631 1985 2688 mant

265 2752 367 2814 etiam
388 2742 571 2812 cornaria:
594 2748 664 2829 ipse
685 2744 817 2812 Plautus
837 2744 949 2807 Aulul.
974 2745 1036 2826 IV,
1046 2749 1077 2812 3.
1100 2745 1165 2807 sibi
1186 2744 1599 2811 connadtctt'scribendo:
1655 2780 1657 2784 Α

508 2863 587 2929 Non
606 2873 732 2927 temere
752 2875 813 2943 est,
836 2863 924 2946 quod
944 2884 1058 2928 corsus
1079 2873 1188 2927 cantat
1208 2864 1293 2926 mihi
1312 2884 1401 2928 nuno
1421 2865 1462 2929 ud
1484 2866 1574 2930 toene
1592 2884 1702 2931 mono.-
1812 2884 1814 2889 ·

511 2979 622 3045 Semel
641 2979 779 3044 radebat
798 2980 936 3067 pedibus
956 2992 1092 3063 terram,
1115 2990 1254 3046 atroce
1274 2983 1424 3070 orocibat
1443 3003 1512 3047 sua.

511 3098 677 3163 Continuo
690 3108 811 3162 meum
831 3119 891 3162 cor
912 3104 1023 3185 coepit
1042 3111 1147 3166 artem
1168 3104 1279 3164 facere
1293 3099 1472 3164 ¹ludicram.

178 3268 182 3277 ,
266 3217 344 3282 Non
365 3219 471 3304 igitur
490 3215 680 3279 mirandum
701 3226 761 3294 eat,
791 3215 880 3299 quod
909 3219 945 3278 in
965 3216 1114 3303 Iguvinis
1140 3216 1263 3285 tabulis
1280 3218 1392 3301 porse,
1419 3238 1563 3295 camme,
1592 3221 1721 3293 dareve-,⁶
1749 3219 1860 3301 pstqs,
1887 3217 1988 3297 pua,

267 3346 396 3414 meretis,
416 3335 541 3399 laetum
562 3335 622 3398 fiat
642 3336 831 3422 augurium,
853 3333 941 3418 apud
961 3334 1113 3397 Plautum
1134 3345 1252 3398 contra
1271 3334 1308 3398 in
1326 3336 1480 3402 Asinaria
1499 3318 1647 3402 dicatnrs
1676 3339 1780 3420 piens,
1807 3337 1924 3402 cornix
1943 3344 1990 3399 est

180 3477 182 3481 ’
269 3454 312 3518 od
334 3455 441 3532 laevo3
464 3473 586 3527 corvus,
604 3431 706 3535 peirn
727 3451 767 3514 ab
789 3452 930 3518 dexteru.
972 3454 1041 3515 Etsi
1062 3456 1151 3515 enim
1173 3452 1291 3516 Cicero
1313 3453 1354 3518 de
1374 3453 1441 3519 dir.
1465 3455 1493 3534 1,
1503 3458 1555 3524 39.
1578 3474 1655 3519 oum
1674 3455 1792 3519 Plauto
1813 3455 1987 3531 consentit,

269 3569 474 3656 quaerendo:
498 3591 559 3634 cur
579 3591 599 3633 a
619 3568 736 3634 dextm
758 3590 881 3646 corvata,
902 3591 922 3633 a
941 3572 1076 3634 sinistra
1096 3569 1210 3636 comior
1229 3574 1331 3636 faeiat
1350 3579 1482 3636 ratum?
1502 3575 1664 3638 Horatius
1685 3584 1795 3638 tamen
1816 3569 1988 3648 (111127.

184 3666 187 3676 ’
271 3693 307 3754 in
327 3692 386 3755 illo
408 3692 565 3771 carmine,
587 3695 681 3774 cujus
700 3690 835 3751 initium
855 3698 918 3752 est:
943 3688 1084 3773 »impios
1101 3710 1221 3772 porros
1239 3695 1420 3755 recinentis
1440 3693 1536 3758 om'sn
1548 3693 1835 3777 ducatuuasqq.
1849 3691 1989 3756 cocinit:

718 3806 905 3889 Antequam
924 3809 1190 3891 snnnsrepetat
1209 3807 1346 3893 paludes
1655 3807 1657 3813 ⁸

718 3924 881 3987 Imbrium
902 3923 1016 3987 divina
1034 3928 1106 3989 avis
1126 3925 1268 4006 (cornix)
1290 3930 1527 4007 imminentem,
1665 3958 1668 3963 ·
1789 3947 1833 3967 ·=·
1893 3954 1897 3965 ·

721 4041 874 4106 Oreinem
895 4062 1020 4106 corrasa
1039 4063 1138 4128 prece
1158 4044 1322 4110 suseitabo

844 4157 933 4223 Solis
954 4162 995 4223 ab
1016 4172 1103 4228 ortu.

719 4275 772 4341 Sis
793 4277 875 4341 licet
894 4279 988 4358 felix,
1008 4280 1210 4364 ubicumque
1230 4284 1354 4362 navis„

713 4397 764 4458 Et
784 4415 913 4461 memor
932 4401 1051 4478 nostri,
1071 4397 1219 4478 Galatea,
1240 4397 1351 4461 virano
1433 4385 1435 4389 ’

724 4513 838 4598 Teque
859 4535 920 4578 neo
939 4516 1165 4580 laevusretet
1184 4519 1238 4580 iro
1256 4518 1361 4599 picata

847 4631 1027 4722 Neowaga
1046 4636 1169 4702 semia.
1667 4722 1669 4726 Ι

278 4747 330 4809 Ibi
349 4748 462 4812 laevus
482 4749 578 4830 pious
599 4767 676 4811 cnm
695 4769 779 4837 vaga
799 4753 934 4814 eornioa
954 4753 1051 4817 triste
1070 4755 1154 4818 feeit
1165 4754 1354 4842 augurium,
1375 4770 1473 4816 oscen
1493 4767 1706 4820 corvusvero
1725 4757 1997 4822 suscitatursolis

278 4865 321 4930 ab
341 4875 435 4946 ortu,
461 4864 494 4932 h.
516 4885 546 4934 e.
566 4875 702 4952 aparte
722 4870 857 4935 siniam
874 4871 1032 4959 auguris,-
1051 4871 1403 4945 *Romanorummore
1423 4871 1597 4938 meridiem
1621 4877 1818 4960 spectantia,
1844 4885 1886 4944 nt
1903 4878 1998 4943 triste
