4244 5722
267 787 445 862 secundae
468 783 612 859 tabulae

517 929 770 1022 Φρατρεσπεω)
796 931 1009 1024 Arcesilam),
1030 933 1199 1021 chromo
1222 937 1435 1027 εμΡασατιςς

511 1065 688 1153 cavando)
708 1069 857 1151 Irachc,
876 1067 1041 1159 τρεφιπεῤ
1062 1071 1214 1149 lteram

267 1221 381 1284 totum
405 1206 602 1303 Iguvinom
626 1233 647 1280 a
671 1205 772 1282 tribu
785 1207 951 1307 Ignotae
972 1234 1046 1282 non
1072 1184 1360 1304 magisdifferrc
1374 1219 1554 1298 censeant,
1579 1228 1690 1302 quam
1706 1202 1851 1277 inclitos
1869 1225 1991 1275 rerum

268 1383 450 1434 sacrarum
474 1359 629 1431 arbitros
653 1383 675 1431 a
699 1359 886 1433 Fratribus
911 1360 1091 1434 Atiersiis.
1141 1361 1205 1433 Nes
1220 1370 1342 1432 tamen
1367 1361 1487 1432 versio
1513 1382 1595 1432 mea
1621 1357 1750 1430 eadem
1774 1356 1993 1428 obscuritate

267 1512 459 1601 laboraret,
484 1534 556 1605 qua
580 1511 706 1606 ipsum
731 1511 871 1583 idioma
895 1496 1129 1604 Umbricum,
1155 1512 1296 1584 mutavi
1319 1511 1507 1584 interdum
1530 1511 1692 1599 nomine,
1718 1518 1760 1580 ut
1777 1503 1994 1583 Tadinccar

140 1672 148 1686 ‘
268 1666 406 1737 tribum
432 1685 499 1757 pro
530 1658 727 1735 Toreiootc
751 1662 920 1754 dicerem,
956 1674 1064 1758 atque
1089 1664 1199 1735 stiam
1224 1659 1264 1736 F
1261 1661 1443 1745 ontinclio
1468 1672 1506 1735 et
1529 1657 1734 1757 Robigalia
1759 1682 1857 1732 sacra
1882 1658 1994 1752 edon

270 1826 404 1902 tarem,
440 1813 508 1885 etsi
533 1811 621 1885 haec
646 1811 743 1885 mihi
767 1815 937 1889 nondum
960 1816 1077 1910 magis
1101 1817 1252 1911 probata
1276 1824 1380 1904 sunt,
1418 1837 1530 1909 quem
1556 1808 1783 1900 Sementiva,
1808 1833 1902 1906 quae
1925 1832 1994 1905 pro

275 1962 401 2040 Treta
427 1959 573 2039 Scitote
596 1966 699 2059 prius
724 1988 942 2060 acceperam.
994 1965 1037 2040 Si
1068 1990 1140 2063 qua
1173 1967 1283 2039 verba
1315 1967 1527 2038 communia
1559 1963 1733 2037 mutanda
1764 1962 1992 2051 videbantur,

271 2141 312 2190 ea
335 2139 481 2211 semper
505 2084 645 2210 eligere
671 2114 815 2205 studui,
853 2080 1011 2210 quorum
1043 2116 1102 2188 vel
1135 2118 1245 2188 flexio
1279 2116 1338 2215 vei
1372 2117 1591 2190 constructio
1625 2126 1702 2188 tam
1733 2113 1867 2186 similis
1899 2124 1994 2184 osset
2070 2090 2078 2109 ⁸

269 2266 468 2358 Umbricis,
493 2276 535 2339 ut
559 2266 874 2338 vitareturmimia
899 2267 1099 2339 verborum
1124 2268 1289 2340 mutatio.
1329 2266 1392 2341 Sic
1417 2288 1486 2364 pro
1511 2232 1653 2339 amma
1674 2290 1790 2361 neque
1815 2263 1994 2339 obstiacto

268 2444 388 2515 neque
411 2415 596 2493 ostendito
622 2414 765 2512 scripsi,
791 2418 855 2489 sed
881 2413 1082 2508 immolato,
1097 2428 1147 2491 ut
1175 2441 1250 2490 non
1273 2419 1396 2492 solum
1421 2419 1551 2492 clarior
1563 2418 1667 2492 fieret
1689 2442 1773 2491 vera
1797 2419 1854 2489 vis
1878 2415 1994 2506 verbi,

270 2572 335 2655 scd
368 2570 481 2643 simul
513 2569 754 2659 indicaretur,
791 2578 1041 2642 constructum
1075 2592 1161 2642 cum
1194 2593 1238 2642 eo
1272 2593 1407 2643 nomen
1431 2573 1540 2664 chcc
1571 2552 1648 2642 sive
1664 2527 1789 2663 ..adite
1819 2592 1895 2641 non
1925 2591 1992 2662 pro

269 2723 474 2795 accersativo
500 2721 664 2793 neutrius
689 2722 850 2815 generis,
890 2719 974 2811 sed,
1012 2720 1106 2794 sicut
1130 2719 1308 2793 Latinum
1341 2720 1497 2817 dreigo,
1534 2745 1601 2817 pro
1634 2719 1792 2793 ablativo
1824 2719 1993 2792 feminini

270 2874 412 2969 generis
437 2895 516 2944 esse
541 2872 810 2966 accipiendum.
862 2870 974 2942 Haud
999 2893 1080 2942 raro
1105 2871 1256 2966 quidem
1282 2895 1417 2945 errasse
1441 2897 1503 2945 me
1534 2897 1608 2945 non
1627 2896 1782 2967 ‘negem3
1815 2873 1879 2944 sed
1902 2871 1993 2941 haec

270 3036 355 3098 sunt
380 3022 533 3113 delicta,
569 3024 706 3119 quibus
730 3024 870 3116 ignosci
895 3019 1019 3095 velim¹
1035 3032 1208 3119 tanquam
1233 3023 1406 3115 maculis,
1432 3049 1521 3120 quas
1544 3034 1608 3098 aut
1629 3023 1769 3097 incuria
1793 3023 1905 3112 fudit,
1930 3032 1993 3093 aut

270 3176 431 3249 humana
454 3198 586 3270 parum
613 3175 709 3246 cavit
732 3184 867 3245 natura.
