4244 5722
903 615 1153 683 ..27-

159 791 389 858 abbreviatum
415 794 477 867 cst,
507 783 575 849 nisi
593 777 635 851 P.
655 734 708 863 ἔ,
732 776 821 866 quod
842 777 991 843 Orellius
1010 779 1148 861 pecunie
1167 797 1239 860 suo,
1267 790 1404 867 epatre
1424 781 1498 851 scil.
1521 784 1556 848 ei
1575 785 1826 855 subministrata
1850 789 1903 856 in·

155 917 379 996 terpretatur,
409 902 565 992 equidem
592 919 687 980 raro,
715 918 820 984 quum
846 899 883 962 in
911 899 976 964 alia
1002 899 1222 984 inscriptione
1252 899 1450 974 (Bollettino
1472 901 1547 970 dett
1567 905 1723 973 instituto
1744 908 1781 974 di
1801 912 1904 978 corti-

152 1029 335 1110 sposdenac
355 1025 582 1109 erclstotogs'co
599 1040 660 1104 per
681 1019 789 1085 Panno
810 1018 903 1087 1835.
925 1035 1004 1101 pag.
1027 1017 1084 1097 28)
1108 1018 1244 1082 inverso
1263 1018 1448 1085 verborum
1475 1021 1596 1089 ordine
1622 1024 1776 1112 legaturs
1800 1028 1904 1094 BAL-

152 1147 269 1214 neVM
289 1143 512 1212 VETVStutc
532 1139 706 1222 collapsam
729 1133 741 1222 ΙΙ
765 1136 854 1201 SVA
874 1134 1070 1201 1>chle
1098 1136 1256 1217 restituit,
1286 1137 1470 1205 secundnm
1489 1143 1593 1207 verba
1614 1141 1761 1209 Volscae
1781 1147 1903 1212 inscri-

152 1268 280 1352 ptionis
305 1263 362 1331 EG
387 1264 437 1328 SE
465 1255 683 1325 cosvrms
713 1256 768 1336 (ccc
792 1274 828 1322 sc
854 1253 1042 1333 consumtis)
1057 1251 1240 1336 ‚1³(roprio)
1267 1255 1433 1340 Stampto)
1463 1260 1683 1346 interpretari
1703 1264 1821 1329 malim
1842 1265 1900 1342 (ct.

152 1383 264 1449 orell.
285 1405 319 1448 n.
339 1383 422 1451 3848
443 1387 478 1443 ct
497 1377 607 1457 3849).
650 1373 770 1439 Nihilo
786 1374 897 1471 secius·
915 1380 1052 1456 praeter
1072 1389 1140 1455 cos,
1161 1392 1245 1456 quos
1259 1373 1409 1438 Orellins
1429 1375 1592 1457 laudarit,
1614 1377 1799 1446 Guarinins
1820 1402 1905 1468 quo·

152 1520 230 1587 que,
251 1509 334 1566 testa
352 1498 479 1584 Lepsio
500 1500 537 1560 in
557 1492 743 1563 Bultcttlno
764 1492 837 1558 dell’
859 1493 936 1558 inst.
959 1491 995 1557 di
1015 1511 1099 1558 corr.
1122 1491 1212 1558 cred.
1230 1511 1292 1574 per
1313 1492 1421 1558 torno
1443 1494 1536 1564 1836.
1556 1514 1639 1580 pag.
1663 1501 1749 1581 12⁷,
1770 1503 1904 1566 nescius

152 1640 227 1687 scas
250 1636 314 1704 pro
340 1615 400 1682 'sec
425 1612 545 1681 eodem
569 1611 671 1678 modo
691 1612 809 1693 scribi,
837 1630 904 1696 ‹puo
925 1609 1074 1692 fratrers
1094 1627 1158 1696 pro
1179 1610 1324 1693 fratrecs
1344 1612 1382 1676 in
1401 1610 1555 1701 Iguvinis
1583 1614 1705 1680 tabulis
1733 1617 1814 1700 Vll,
1826 1621 1861 1701 b,
1874 1625 1903 1687 l.

153 1757 195 1802 ex
215 1735 402 1801 rationibus
424 1737 550 1822 partim
571 1731 797 1822 epigrapbicis
819 1731 944 1814 partim
965 1728 1131 1811 juridicis,
1153 1748 1222 1794 non
1243 1732 1466 1811 minusvanis,
1488 1734 1667 1816 sexcginta
1686 1734 1906 1821 supplendum

150 1855 293 1920 censuit.
322 1851 390 1919 Sed
410 1873 453 1919 ne
473 1853 611 1942 longior
630 1854 695 1916 sim
715 1853 753 1915 in
763 1850 897 1914 Latinis
917 1850 1206 1935 inscriptionibus,
1229 1858 1265 1915 et
1285 1867 1337 1930 es,
1358 1867 1444 1935 quae
1464 1848 1545 1913 hnic
1565 1854 1751 1917 sententiae
1772 1866 1906 1920 contra·

149 1973 232 2055 dici,
260 1987 296 2041 et
316 1995 367 2057 ea,
396 1992 481 2059 quae
501 1971 606 2052 adjici
625 1973 766 2057 possint,
788 1968 897 2035 libens
918 1971 1051 2051 omitto,
1079 1967 1166 2033 nihil
1193 1964 1318 2032 addens
1344 1969 1411 2032 nisi
1432 1967 1654 2055 Pompeianae
1674 1973 1906 2059 inscriptionis

148 2092 244 2158 Oscis
263 2094 375 2161 literis
395 2102 551 2158 exaratm
571 2092 784 2157 versionemr

323 2211 361 2279 V.
382 2207 537 2294 Popidiis
563 2208 602 2276 V.
768 2207 856 2274 Med.
924 2217 988 2273 toa.
1137 2204 1359 2281 darmstad,
1441 2206 1538 2274 Iride
1574 2208 1761 2292 prosetted.

316 2329 362 2392 V.
384 2321 545 2408 Popidius
554 2317 600 2384 V.
608 2316 727 2396 (iilius)
737 2313 876 2380 Meddir
886 2317 1013 2380 tuticus
1023 2321 1117 2397 septo
1129 2314 1369 2391 circumclusit,
1379 2334 1444 2401 pro
1462 2321 1551 2385 laide
1569 2328 1773 2407 profanavit.

319 2438 359 2503 0.
402 2437 468 2498 His
488 2431 766 2513 inscriptionibus
777 2429 1101 2492 similemeMicalii
1121 2448 1223 2513 opere
1244 2431 1504 2513 supralaudato
1525 2435 1649 2500 addere
1670 2443 1784 2523 liceat,
1805 2466 1906 2527 qnam

150 2577 170 2622 e
189 2553 259 2620 tab.
282 2547 389 2631 CXX,
400 2550 431 2617 t.
453 2548 546 2626 (coll.
560 2545 690 2616 Cinroc.
701 2542 846 2630 Ponpej.
857 2565 890 2628 p.
902 2546 956 2612 84.
972 2555 994 2612 t.
1007 2549 1059 2613 14.
1080 2546 1209 2612 Marcis
1224 2545 1348 2612 Retices
1368 2546 1408 2611 dc
1422 2544 1555 2633 Pompei
1570 2553 1637 2619 tub.
1662 2556 1831 2628 XXXVI
1838 2566 1904 2650 sq.)

149 2679 186 2739 in
206 2673 273 2740 tab.
283 2670 328 2736 ΙΙ.
350 2688 430 2735 cum
449 2667 617 2755 fragmine
636 2684 717 2730 arae
738 2664 833 2729 Oscis
853 2664 960 2728 literis
980 2663 1118 2730 Fluusoi
1139 2663 1172 2726 h.
1186 2682 1214 2729 e.
1235 2665 1354 2731 Florae
1374 2667 1570 2754 inscriptae,
1592 2673 1629 2734 in
1651 2672 1767 2742 eadem
1787 2680 1905 2764 Fanni,

150 2788 384 2878 quaedicitur,
406 2784 507 2851 domo
527 2804 558 2852 a.
570 2783 663 2853 1831.
686 2792 836 2871 reperto,
857 2802 899 2846 ex
920 2800 995 2846 mea
1016 2784 1175 2869 opinione
1194 2783 1384 2868 suppletam
1404 2782 1492 2853 dedi.
1535 2787 1722 2876 Supplendi
1744 2795 1800 2861 lex
1820 2798 1906 2865 mihi

149 2912 217 2976 tuit
236 2927 278 2975 ea
298 2906 503 2984 observatio,
524 2910 575 2983 ut,
598 2922 703 2987 quum
722 2905 760 2966 in
781 2901 891 2968 tribus
911 2898 1087 2986 prioribus
1099 2898 1253 2966 versibus
1266 2912 1403 2987 practer
1414 2909 1635 2988 praenomina
1655 2913 1790 2980 nullum
1805 2936 1907 2983 roca·

150 3028 270 3094 bulum
291 3026 526 3092 abbreviatum
545 3022 603 3087 rel
622 3021 734 3084 literis
753 3019 867 3108 ligatis
886 3027 1062 3082 exaratum
1081 3028 1176 3097 esset,
1199 3017 1290 3103 qnod
1308 3029 1492 3104 utrumque
1503 3022 1677 3114 flagitabat
1695 3031 1732 3093 in
1753 3044 1904 3102 extremo

150 3166 251 3215 versu
271 3148 374 3233 spatii
393 3143 559 3231 angustia,
580 3136 724 3226 singulis
736 3133 888 3200 versibus
909 3134 1025 3196 eadem
1047 3132 1192 3198 latitudo
1214 3135 1363 3216 daretur,
1386 3157 1487 3220 quam
1509 3143 1700 3214 Quaestoris
1720 3153 1905 3237 appellatio

149 3269 186 3330 in
205 3261 352 3329 secundo
372 3277 474 3325 versu
494 3256 623 3322 definit.
667 3254 759 3317 Hinc
779 3248 917 3317 inPorii
936 3252 1073 3325 nomine
1092 3271 1195 3315 unam
1215 3250 1328 3334 modo,
1350 3256 1388 3317 in
1401 3259 1510 3340 patris
1531 3273 1650 3328 contra
1672 3264 1754 3331 duas
1774 3270 1903 3357 literas,

150 3381 273 3468 quibus
300 3381 439 3446 Marsas
464 3375 664 3461 plerumque
689 3370 862 3450 scribitur,
887 3368 1055 3454 supplevi,
1090 3388 1158 3433 non
1186 3369 1458 3439 contradicturus
1486 3379 1530 3457 ei,
1560 3382 1618 3463 qui
1644 3383 1743 3449 Purii
1772 3394 1904 3456 nomini

151 3497 287 3567 aliunde
308 3499 427 3586 ignoto
448 3492 602 3576 Spurium
621 3489 802 3574 praeferet,
823 3488 884 3572 qui
903 3489 940 3551 in
960 3486 1095 3552 Nolana
1115 3489 1337 3574 inscriptione
1362 3491 1453 3576 apud
1473 3495 1667 3564 Rsincsium
1689 3499 1902 3588 XVIIl,113‚
1964 3552 1968 3558 .

148 3621 282 3708 legitur.
326 3613 467 3679 Tertius
493 3628 613 3673 versus
637 3607 826 3694 genitivum
851 3607 1002 3671 continet
1026 3605 1067 3670 ab
1089 3605 1237 3672 ablativo
1258 3609 1455 3676 abbreviato
1477 3616 1669 3700 tongin(ud)
1688 3621 1901 3710 pendentem,

148 3756 215 3824 quo
234 3735 339 3803 rerba
360 3733 567 3797 decurionum
587 3726 717 3790 decreto
738 3723 956 3812 designantur
981 3744 1079 3810 saepe
1100 3727 1245 3810 repetita
1265 3727 1301 3819 in
1322 3727 1455 3794 Latinis
1475 3729 1686 3820 Pompeianis
1705 3741 1902 3831 inscriptio-

149 3855 265 3936 nibus3
286 3850 345 3917 sed
366 3847 449 3936 qnid
469 3846 556 3912 Osce
576 3840 800 3930 supplendum
820 3844 876 3924 sit,
899 3853 994 3907 certo
1015 3841 1151 3907 deliniri
1170 3848 1298 3929 nequit.
1320 3846 1486 3915 Ultimum
1506 3852 1738 3940 inscriptionis
1756 3864 1901 3931 verbm

150 3971 390 4056 emersisset)
411 3986 482 4031 esse
501 3961 736 4050 supplendum,
763 3980 862 4026 namo
884 3958 1073 4027 dubitabit:
1095 3960 1176 4027 hinc
1197 3973 1270 4029 tota
1290 3966 1466 4054 inscriptio
1487 3971 1537 4033 sic
1556 3974 1720 4043 vertenda
1738 3978 1897 4048 videtur:

315 4087 482 4172 [spurias
503 4083 600 4168 [Mn]
614 4078 626 4168 ΙΙ
640 4078 872 4164 [ffirmssdur]
888 4075 1153 4181 [lle]mpurnlri[is]
1166 4076 1178 4166 11
1193 4081 1409 4171 [sa]ngs·n(sd)
1430 4061 1677 4177 umaiossfed).

314 4206 459 4296 Spurius
499 4204 552 4269 Μ.
564 4203 680 4282 (lilius)
692 4201 856 4284 Quaestor
896 4198 1122 4266 decurionum
1162 4200 1299 4268 decreto
1319 4215 1414 4291 septo
1432 4207 1677 4277 circumclusit

312 4325 365 4396 D.
405 4325 449 4389 In
466 4325 603 4412 porticu
622 4318 716 4386 aedis
736 4319 836 4385 Isidis
855 4320 985 4385 Dorica
1005 4318 1092 4386 duae
1112 4321 1348 4406 inscriptiones
1368 4337 1622 4412 repertnesunt,
1644 4331 1897 4415 puesMicalins

148 4443 368 4512 nitidioribus
388 4445 495 4532 magis
513 4463 615 4530 quam
632 4440 827 4506 verioribus
847 4441 1027 4506 literarum
1047 4438 1202 4505 ductibus
1222 4441 1284 4506 sub
1304 4463 1338 4507 n.
1360 4447 1391 4511 4.
1414 4445 1578 4530 exhibuit,
1604 4446 1695 4515 unde
1715 4454 1897 4523 rectiorem

148 4562 254 4630 Gellii
274 4555 535 4647 descriptionem
554 4557 808 4649 praeferendam
828 4561 956 4647 putari.
998 4559 1039 4622 In
1065 4559 1136 4623 illis
1163 4559 1348 4626 literana
1366 4564 1480 4628 vocali
1499 4584 1522 4630 ss
1541 4578 1668 4652 puncto
1689 4590 1823 4660 semper
1843 4577 1895 4642 in·

148 4684 276 4769 scripto
297 4682 520 4763 discernitur,
540 4679 630 4766 quod
646 4698 730 4747 raro
751 4681 766 4746 i
786 4679 899 4762 litera,
921 4682 1009 4745 sicut
1028 4679 1132 4744 etiam
1150 4678 1188 4740 in
1208 4680 1486 4766 inscriptionibus
1506 4684 1606 4751 modo
1627 4689 1819 4774 illustratis,
1842 4699 1895 4758 in·

149 4800 284 4868 terdum
304 4801 467 4866 lineolam
487 4811 710 4866 transversam
729 4798 862 4879 babeat,
893 4798 959 4863 hoc
979 4798 1109 4863 nnllam
1129 4796 1232 4862 aliam
1252 4798 1295 4863 ob
1316 4820 1450 4866 causam
1469 4805 1596 4870 sactum
1616 4806 1765 4890 videtur,
1794 4832 1894 4897 quarn

149 4937 193 4984 ne
201 4939 266 5006 pro
286 4923 420 4988 numeri
440 4921 529 4986 notis
549 4919 784 5004 acciperentur
803 4918 930 4989 similes
949 4917 1080 4985 nune.
1114 4918 1218 4983 Oscos
1238 4920 1340 4996 enim,
1362 4920 1642 5005 quemadmodum
1651 4923 1893 5012 Imperatorem

1394 5090 1440 5155 4*
