4244 5722
1037 591 1240 656 ..u-

280 761 340 842 ,,Ρ.
362 757 537 823 Cornelius
558 753 762 837 Trophimae
790 762 825 815 et
843 753 965 832 Lenia,
997 755 1119 835 conjux
1138 755 1227 834 ejus,
1257 762 1373 818 votum
1394 753 1529 816 libens
1548 751 1821 834 solverunt,“
1849 772 2002 838 expresse

280 881 415 970 legitur.
919 849 922 855 ’

446 995 497 1058 19.
540 991 610 1053 Etsi
630 989 840 1051 Vesunam
859 987 960 1051 modo
980 998 1089 1051 vatem
1111 986 1224 1052 divam
1243 998 1395 1052 vocatam
1414 986 1577 1066 vidimus,
1606 988 1780 1051 Feroniam
1800 997 1912 1052 tamen
1930 1010 2005 1053 eam

283 1112 499 1197 interpretari
524 1127 593 1170 nou
622 1106 756 1186 dubito,
786 1108 912 1190 quippe
940 1127 1041 1189 quae,
1074 1128 1176 1190 quum
1201 1106 1288 1192 apud
1308 1106 1473 1170 Isidorum
1500 1110 1536 1168 in
1558 1105 1681 1169 Gloasia
1703 1109 1841 1196 agrestis
1862 1105 1940 1187 dea,
1969 1118 2007 1170 et

282 1231 371 1320 apud
392 1229 591 1311 Dionysium
611 1226 689 1288 Hal.
713 1223 758 1302 11,
780 1225 830 1290 49.
855 1223 916 1302 ΙΙΙ,
937 1226 988 1290 32
1013 1219 1229 1314 Φερσεφόνη,
1246 1217 1469 1314 Ἄνθηφόρος,
1497 1220 1763 1312 Φιλοστέφανος,
1783 1224 1914 1303 audiat,
1938 1244 2005 1287 non

284 1366 352 1419 tam
372 1353 462 1412 inter
482 1344 670 1428 Nymphae,
692 1363 792 1426 quam
812 1345 903 1405 inter
921 1344 1025 1405 Lares
1045 1343 1137 1406 horti
1158 1346 1332 1427 pomiferi,
1354 1341 1511 1427 Calpurn.
1534 1344 1602 1404 Ecl.
1626 1342 1668 1420 ΙΙ,
1689 1347 1729 1408 64
1751 1363 1811 1426 eq,
1834 1342 2007 1406 referenda

285 1469 430 1536 videtur.
472 1466 570 1526 Licet
590 1463 766 1544 inscriptio
784 1460 918 1548 Ligorii
937 1458 1027 1543 apud
1037 1460 1163 1525 Murat,
1184 1458 1289 1540 XCII,
1311 1462 1341 1533 6,
1362 1459 1530 1523 FLORAE
1551 1460 1764 1523 FERONIAE
1783 1458 2007 1542 Dtc'rasuu

284 1584 469 1653 SACRVM
490 1583 610 1644 fictitia
630 1581 689 1658 ait,
718 1582 913 1666 florigerum
933 1588 1043 1641 tamen
1071 1588 1170 1661 capnt
1190 1579 1348 1641 Feroniae
1369 1581 1404 1640 in
1425 1581 1567 1640 nummis
1587 1582 1694 1667 gentis
1714 1578 1889 1643 Petroniae
1908 1589 2008 1663 atque

285 1708 471 1770 Plaetoriae
491 1698 580 1784 apud
590 1698 732 1760 Fabrett
755 1717 829 1784 pag.
852 1699 924 1763 454
947 1694 1085 1775 indicat,
1107 1698 1281 1759 Feroniam
1301 1696 1388 1758 nihil
1407 1695 1500 1758 aliud
1519 1716 1599 1776 ease,
1622 1718 1719 1780 quam
1739 1717 1893 1761 arcanam
1914 1698 2009 1760 illm

285 1829 356 1891 vim
375 1819 550 1886 arboribus
570 1819 715 1893 insitam,
738 1835 803 1898 qua
826 1817 916 1898 ipsae
936 1817 1050 1878 virent
1069 1817 1254 1898 florentque
1274 1826 1309 1879 et
1330 1817 1459 1878 fructus
1490 1812 1532 1879 ad
1563 1818 1790 1878 maturitatem
1820 1813 2009 1900 perducun-

287 1955 354 2008 tur.
397 1942 477 2002 Eam
497 1946 606 1999 vatem
628 1932 739 1998 divam
759 1931 843 2012 dici,
875 1952 971 1995 nemo
992 1933 1188 2013 mirabitur,
1218 1934 1278 2016 qui
1298 1932 1504 1995 Clitumnum
1526 1953 1655 2015 quoque
1676 1934 1816 1995 fluvium
1836 1930 2009 1995 fatidicum

290 2079 411 2124 numen
440 2057 539 2118 fuisse
567 2050 655 2136 apud
676 2049 760 2112 Pliu.
784 2051 885 2134 Epist
908 2049 1004 2126 VIII,
1025 2053 1057 2128 8,
1078 2055 1108 2117 5.
1139 2032 1276 2138 legerit:
1312 2060 1457 2113 ceterum
1479 2071 1581 2133 quum
1601 2050 1780 2137 geographi
1801 2059 1869 2113 tres
1890 2060 2013 2134 ponant

289 2179 448 2241 FeronIae
469 2174 562 2235 lucos
582 2172 744 2254 insignes,
766 2170 802 2228 in
822 2168 966 2229 Lucensi
986 2186 1085 2253 agro,
1107 2168 1168 2230 sub
1189 2177 1301 2230 monte
1322 2167 1476 2246 Soracte,
1505 2170 1594 2231 etin
1615 2166 1789 2252 paludibus
1808 2167 2013 2253 Pomptinia3

290 2295 427 2360 Servius
458 2288 501 2353 ad
521 2288 619 2374 Virg.
643 2285 681 2346 A.
705 2283 784 2361 VII,
806 2286 878 2350 800.
913 2286 1100 2347 annotavit:
1133 2283 1257 2364 „Circa
1282 2286 1371 2347 hunc
1400 2295 1544 2348 tractum
1571 2285 1742 2348 colebatur
1761 2306 1849 2371 puer
1866 2287 2012 2370 Jupiter,

290 2416 348 2498 qui
368 2412 566 2473 Anxurus
588 2403 779 2481 dicebatur,
802 2405 895 2485 quasi
916 2391 994 2466 ἄνευ
1015 2399 1116 2486 ξυρᾶς
1136 2437 1179 2450 -
1198 2413 1232 2465 et
1251 2403 1338 2466 Juno
1360 2405 1475 2489 virgo,
1502 2423 1585 2486 quae
1606 2404 1780 2465 Feronia
1799 2401 2014 2466 dicebatur.“

291 2531 356 2594 Cui
376 2524 584 2591 annotationi
615 2542 718 2603 quum
750 2522 878 2583 faveret
907 2521 1081 2602 inscriptio
1102 2518 1191 2603 apud
1211 2520 1353 2582 Fabrett.
1378 2540 1451 2607 pag.
1474 2525 1545 2586 451.
1567 2520 1731 2583 IVNONI
1751 2519 1924 2600 FERON„
1953 2541 2015 2584 nec

293 2645 537 2713 contradiceret
558 2642 626 2704 alia
645 2640 833 2722 inscriptIo:
867 2636 1031 2700 IVNONI
1057 2634 1141 2699 REG
1165 2634 1176 2717 ss
1200 2637 1257 2698 ΕΤ
1285 2636 1515 2715 FERONIAE,
1547 2639 1700 2722 plerique
1721 2659 1895 2724 perperam
1913 2641 2017 2702 Fero-

294 2770 383 2829 niam
403 2783 466 2848 pro
487 2763 582 2824 Iovis
604 2758 762 2820 imberbis
784 2757 923 2843 conjuge
945 2755 1149 2834 habuerunt,
1185 2775 1372 2839 quanquam
1399 2755 1488 2838 apud
1508 2756 1645 2819 Livium
1666 2755 1743 2836 XX,
1766 2763 1794 2821 1.
1822 2758 1931 2842 plures
1953 2757 2032 2821 Ju-‘

294 2903 412 2961 nones,
435 2898 595 2962 nusquam
615 2886 725 2938 autem
746 2875 833 2936 Juno
854 2874 1011 2949 Feronia,
1033 2883 1268 2934 memorantur.
1312 2872 1364 2934 De
1383 2870 1514 2936 Iunone
1534 2877 1666 2962 virgine
1687 2874 1824 2938 Servius
1844 2896 1883 2939 eo
1904 2880 2018 2938 minus

294 2998 475 3066 audiendus
497 3006 556 3075 est,
579 2993 809 3078 quodJupiter
831 2993 900 3071 ejus
922 2989 1114 3052 Anxurus
1136 3010 1239 3074 prava
1259 2991 1402 3052 lectione
1418 3010 1480 3074 pro
1502 2991 1673 3076 Jupiter
1693 2992 1879 3056 Anxuris
1900 2997 2019 3057 arvia

293 3123 426 3196 nititur,
449 3126 546 3198 atque
568 3112 770 3197 etymologia
792 3110 934 3172 nominis
945 3108 1107 3169 Anxuri
1127 3106 1169 3169 ad
1190 3111 1483 3194 grammaticorum
1502 3129 1605 3196 nugas
1626 3108 1808 3197 abteganda
1828 3121 1887 3174 eat.
1928 3110 2018 3187 ‚Sane

293 3238 426 3321 Jupiter
457 3231 571 3295 aedem
599 3230 716 3290 habuit
744 3230 779 3289 in
809 3246 848 3288 eo
869 3223 1008 3310 oppido,
1042 3224 1131 3308 quod
1152 3226 1234 3287 olim
1254 3227 1389 3303 Anxur,
1410 3236 1523 3309 postea
1543 3227 1755 3309 Tarracinae,
1781 3240 1938 3292 vocatum
1958 3241 2019 3308 eat,

181 3396 185 3402 .
295 3357 371 3417 Liv.
393 3352 456 3430 IV,
468 3353 518 3416 59.
542 3345 704 3423 XXVIII,
724 3348 773 3407 ll.
797 3340 872 3421 XL,
893 3346 962 3422 45.;
984 3341 1040 3403 aad
1060 3343 1081 3406 J
1087 3346 1175 3405 ovis
1196 3342 1325 3422 Axur,
1348 3348 1382 3405 in
1404 3346 1497 3422 cujus
1518 3345 1678 3407 honorem
1700 3346 1859 3432 oppidum
1873 3350 2020 3410 Anxuris

297 3491 435 3549 nomen,
467 3486 532 3550 quo
554 3464 720 3551 Virgilius
741 3460 780 3524 A.
801 3460 845 3537 X,
866 3463 937 3526 545.
962 3460 1157 3523 bellatorem
1177 3462 1288 3539 finxit,
1316 3465 1480 3545 accepisse
1500 3461 1649 3541 videtur,
1678 3466 1713 3524 in
1734 3469 1876 3528 nummis
1897 3466 2019 3531 Vibiae

296 3591 402 3677 gentis
423 3587 540 3650 Jovis
573 3601 699 3670 augur
720 3578 840 3664 Apollo
861 3588 928 3655 est,
961 3580 1008 3655 si,
1038 3577 1127 3660 quod
1147 3577 1325 3641 secundum
1346 3580 1477 3642 Festum
1498 3591 1531 3642 et
1551 3581 1696 3643 Plinium
1717 3582 1879 3646 Volscum
1898 3604 2020 3648 nomen

296 3710 379 3785 fuit,
412 3725 453 3766 ex
480 3702 640 3765 Umbrica
669 3700 784 3785 lingua
814 3695 1100 3780 interpretandum
1131 3707 1188 3759 eat
1239 3698 1372 3782 Jupiter
1402 3716 1549 3759 crescens
1580 3701 1616 3760 iu
1636 3697 1780 3762 Gallieni
1812 3703 2021 3787 aliorumque

297 3825 440 3888 nummis
471 3820 557 3883 nihil
588 3837 762 3881 commune
791 3815 891 3879 habet
922 3835 998 3891 cum
1017 3815 1102 3876 Iove
1122 3813 1272 3894 Anxure,
1304 3816 1398 3893 cujua
1430 3825 1530 3898 caput
1556 3814 1643 3899 apud
1663 3815 1833 3881 Goltzium
1853 3818 2019 3883 Narniam.

297 3943 355 4006 Gr.
378 3940 520 4024 Augusti
540 3936 581 4000 Τ.
604 3938 654 4001 75.
678 3931 822 3995 ΧΧΠΧ.
846 3935 881 3994 in
902 3935 1044 3995 nummis
1066 3930 1258 4015 quibusdam
1280 3934 1468 4018 expressum
1489 3931 1622 3995 dicitur.

462 4061 512 4122 14.
555 4055 706 4131 Feronia,
728 4055 757 4114 si
776 4052 871 4115 Iovia
892 4053 1015 4129 conjux
1035 4048 1184 4111 habenda
1204 4059 1297 4127 esset,
1320 4070 1385 4111 non
1407 4048 1538 4112 diversa
1558 4052 1646 4114 foret
1666 4055 1707 4114 ab
1720 4052 1864 4116 Honda
1884 4054 2022 4132 J'ovia,

217 4250 221 4257 ,
299 4181 354 4242 cui
375 4179 410 4238 in
431 4175 581 4254 quinta
601 4171 714 4234 tabula
737 4188 800 4254 pro
821 4169 976 4231 Petronia
997 4178 1093 4255 gente
1114 4169 1294 4228 sacrificari
1315 4167 1459 4246 jubetur.
1502 4169 1571 4230 Etsi
1599 4190 1681 4232 vcro
1702 4176 1792 4234 etin
1813 4172 1968 4236 Vacunae
1988 4184 2023 4238 et

298 4297 340 4357 in·
356 4289 494 4356 Hondae
515 4291 632 4354 Joviae
652 4289 815 4350 sacrificio
837 4286 956 4349 Umbri
976 4286 1010 4349 F
1013 4284 1152 4361 εσκλες
1173 4305 1319 4385 φατες
1341 4305 1516 4362 coactas
1544 4286 1571 4360 I,
1592 4291 1624 4353 9.
1647 4288 1692 4367 V,
1714 4309 1744 4367 a,
1767 4294 1817 4355 19.
1840 4293 1891 4357 at.
1914 4293 1966 4359 97.
1989 4302 2024 4354 et

297 4414 329 4478 F
330 4430 485 4498 θφετες
505 4409 534 4488 I,
556 4411 607 4474 25.
630 4407 675 4487 V,
697 4428 727 4485 a,
749 4410 813 4484 31,
836 4424 918 4487 quae
939 4403 1049 4487 qualia
1068 4405 1143 4480 sint,
1166 4403 1311 4466 noudum
1325 4407 1491 4488 exputavi,
1512 4407 1564 4464 usi
1584 4415 1671 4483 sunt,
1693 4409 1882 4471 catulorum
1900 4419 2024 4490 tamen,

299 4534 328 4593 si
355 4527 455 4593 modo
482 4546 582 4590 voces
611 4522 736 4590 κατλε
758 4523 803 4601 V,
826 4544 856 4600 a,
880 4524 928 4587 15.
962 4519 1087 4585 anule
1108 4522 1152 4599 V,
1175 4541 1205 4600 a,
1229 4524 1278 4588 18.
1299 4522 1350 4585 29.
1373 4522 1424 4584 29.
1459 4520 1603 4598 nastes
1624 4523 1669 4601 V,
1690 4544 1721 4602 a,
1742 4527 1792 4589 22.
1815 4528 1868 4592 27.
1901 4526 2027 4593 rorat

301 4648 345 4727 V,
357 4669 387 4726 a,
399 4651 450 4713 43.
473 4655 564 4708 recte
585 4647 802 4726 interpretor,
823 4641 955 4701 nonnisi
977 4641 1012 4701 in
1033 4640 1196 4702 sacrificio
1211 4637 1479 4702 HoudaeJoviae
1499 4641 1537 4701 lit
1557 4645 1691 4704 mentio.
1735 4643 1896 4733 LegIrnus
1915 4656 2025 4711 autem

382 4765 427 4844 V,
448 4784 479 4842 a,
500 4765 541 4828 20
562 4783 610 4847 eq.
646 4761 745 4825 Fam
797 4758 895 4822 laha
945 4777 1095 4838 αμπεντε
1156 4755 1258 4820 acala
1323 4755 1423 4845 σακρε
1453 4758 1606 4837 oanxve,

629 4873 771 4941 Hondae
790 4876 909 4940 Joviae
929 4875 1112 4939 sacrificato
1134 4873 1281 4938 catulum
1301 4894 1432 4968 sacrum
1451 4887 1619 4956 sanctum,
1641 4880 1727 4941 sicut
