4244 5722
1024 582 1270 651 ,36-

290 747 374 832 esto)
395 751 561 829 1v‚a‚ae.
585 752 684 812 etiam
705 749 751 830 V,
763 770 793 829 a,
805 753 856 817 ta.
878 751 1009 836 legitur,
1027 760 1078 813 ιιι
1097 751 1170 814 finis
1192 747 1480 811 indicetur²totius
1501 749 1666 810 sacrificii.
1708 747 1782 810 Hoc
1802 746 1878 810 loco
1899 755 2012 811 tanim

292 869 442 934 additur:
464 864 756 957 πιριπριιπεὶαστ
770 870 879 950 (prout
893 870 1098 950 'espicvemsh
1120 865 1213 956 chan
1233 857 1304 929 sive
1324 869 1434 948 potius
1449 864 1626 954 edentum)
1647 864 1805 950 εῤ(τ)ες
1825 865 2012 945 rtar(r)et;

293 988 409 1067 (oretis
430 983 641 1068 carminibus)
659 984 814 1077 rachis)
847 987 1038 1069 hadmar
1054 981 1166 1071 ;(νει’κη
1186 988 1257 1048 sive
1278 988 1448 1049 certamina
1476 984 1616 1059 hahens).
1658 982 1711 1045 An
1733 979 1819 1070 νειρε
1839 994 1931 1048 recte
1951 1005 2011 1047 ex·

289 1106 456 1190 plicarim,
477 1108 513 1167 in
535 1104 673 1186 dubium
693 1107 810 1168 vocari
832 1104 951 1188 possit,
976 1103 1040 1167 ssd
1060 1125 1121 1189 pro
1150 1101 1250 1186 3ρἐ
1277 1124 1404 1179 nasac
1435 1105 1518 1178 (uris
1536 1104 1659 1184 pones),
1689 1100 1778 1185 quod
1799 1103 1891 1164 omni
1911 1121 2007 1166 sensu

289 1234 393 1302 caret,
422 1221 601 1311 legendnm
618 1242 687 1285 esse
708 1220 802 1309 ιιρτες
823 1243 951 1301 nemer,
975 1233 1013 1285 ut
1033 1242 1158 1286 trenes
1178 1216 1267 1300 I,'18.
1284 1239 1352 1317 ⁴pro
1375 1220 1523 1295 Gruteri·
1535 1242 1652 1300 ινιινεκ,
1674 1238 1720 1283 co
1741 1211 1854 1283 minus'
1879 1217 2008 1298 dubito,

290 1341 381 1426 quod
400 1342 512 1405 verbis
532 1339 616 1430 πιρι·
628 1339 834 1428 abacelam
854 1340 895 1403 ad
916 1343 1049 1404 initium
1069 1340 1230 1404 secundae
1250 1340 1382 1402 tabulae
1403 1341 1524 1424 respici
1539 1338 1708 1415 rideatur,
1737 1337 1796 1399 ubi
1816 1339 2010 1423 post'prac·

291 1471 423 1545 ceptum
444 1460 532 1526 Faue
551 1456 664 1542 πόεμθ
685 1460 818 1524 relata
839 1458 880 1522 de
900 1458 996 1546 ερτες
1016 1461 1132 1535 Fama
1151 1463 1222 1522 sire
1242 1455 1359 1534 senec
1379 1476 1488 1520 sermo
1509 1459 1585 1522 luit.
1627 1457 1742 1539 Itaque
1761 1451 1848 1536 a'ycd'v
1868 1447 2008 1539 μεσικός

289 1580 355 1641 fuit
375 1581 523 1640 omnium
545 1563 659 1639 rerum
679 1597 849 1639 sacrarum
869 1579 1004 1639 initium
1026 1587 1124 1660 atque
1144 1578 1227 1642 finis.

452 1700 503 1763 et.
547 1696 705 1777 Quamvis
726 1699 854 1758 incerta
874 1699 919 1759 sit
939 1698 974 1757 in
995 1696 1149 1780 plurimis
1167 1705 1283 1757 nostra
1304 1696 1545 1779 interpretatio,
1567 1713 1684 1781 magua
1697 1703 1804 1756 tamen
1816 1696 2009 1780 agnoscitur

288 1817 456 1878 sermonis
472 1815 634 1894 varietas,
663 1812 704 1875 de
731 1835 795 1896 qua
815 1834 950 1877 monere
979 1813 1139 1895 quaedam
1166 1811 1273 1876 adhuc
1304 1811 1388 1874 mihi
1409 1814 1517 1875 liceat.
1561 1811 1712 1874 Minores
1732 1809 1865 1895 quidem
1885 1813 2008 1875 iuscri-

288 1935 429 2017 ptiones,
453 1941 487 1994 et
506 1932 630 2019 linguis
651 1942 685 1995 et
705 1931 801 2010 lcc‘is,
818 1928 859 1993 in
880 1932 998 2014 quibus
1019 1941 1172 2015 repertae
1192 1942 1278 2010 sunt,
1296 1929 1463 2010 diversas,
1490 1932 1632 1992 multum
1653 1932 1742 1992 inter
1762 1949 1798 1992 se
1818 1928 2006 2015 discrepare

287 2051 448 2111 sermonis
469 2048 600 2131 indole,
630 2069 737 2143 neque
764 2048 968 2124 mirandum,
998 2068 1104 2129 neque
1132 2049 1286 2131 pluribus
1314 2048 1425 2110 verbis
1452 2046 1658 2133 probandum
1686 2058 1743 2111 ast.
1787 2046 1876 2109 Illud
1906 2046 2006 2110 modo

287 2165 488 2229 mouendum
509 2166 592 2228 mihi
612 2165 765 2244 ridetur,
795 2163 883 2248 quod
906 2166 1081 2247 inscriptio
1110 2166 1199 2248 cippi
1219 2168 1308 2226 iuter
1328 2165 1472 2227 Bestiam
1493 2175 1527 2227 et
1546 2162 1707 2228 Assisinm
1727 2164 1850 2250 oppida
1871 2168 1906 2226 in
1925 2166 2006 2228 Um-

286 2284 361 2346 bria
381 2287 519 2370 reperti,
540 2296 578 2347 nt
599 2286 832 2368 inscriptiones
852 2286 888 2346 in
909 2281 1040 2345 Sabinis
1061 2292 1094 2344 et
1107 2282 1230 2344 Marsis
1251 2282 1408 2361 detectae,
1429 2284 1644 2365 provincialis
1666 2282 1800 2366 quidem
1821 2286 1857 2345 in
1868 2283 2003 2347 Umbria

287 2405 449 2465 sermonis
470 2403 667 2486 exemplum,
689 2401 746 2465 sed
766 2406 855 2464 inter
875 2403 1011 2464 Latinas
1031 2404 1135 2489 magis
1157 2421 1255 2484 quem
1275 2400 1448 2463 Umbricas
1468 2400 1670 2463 numeranda
1691 2405 1744 2467 sit.
1777 2401 1891 2464 Multo
1903 2404 2006 2489 magis

287 2519 329 2583 ad
349 2520 542 2585 Umbricans
562 2521 712 2609 lingnam
733 2518 861 2585 accedit
880 2519 1001 2582 Volsca
1016 2522 1214 2604 inscriptio,
1240 2519 1332 2582 'inter
1353 2519 1591 2602 Oscum-atque
1611 2521 1766 2582 Latinam
1786 2518 2004 2599 intermedia,

195 2668 198 2671 ·
287 2649 386 2721 atque
404 2660 487 2702 rere
507 2639 685 2701 Umbricae
697 2650 781 2701 ,sunt
800 2642 1034 2722 inscriptiones
1053 2636 1141 2723 apud
1162 2639 1307 2699 Falerios
1327 2648 1424 2719 atqua
1446 2634 1624 2700 Cortonam
1647 2639 1809 2716 inventae,
1830 2640 1861 2699 si
1881 2637 1924 2699 ab
1939 2637 2008 2700 'hu-

287 2757 339 2837 jus
359 2757 469 2818 Tusca
487 2776 572 2819 voce
592 2755 744 2821 sethiani
771 2765 804 2818 et
833 2755 873 2816 ab
904 2756 997 2816 illius
1025 2759 1156 2817 nomine
1183 2752 1336 2836 Lerpirio
1364 2754 1540 2837 Suntimio·
1563 2751 1756 2819 discesseris.
1799 2755 1863 2818 Illa
1892 2765 2009 2819 tamem

287 2876 391 2937 nimio
413 2874 531 2937 literae
551 2876 779 2951 caninaeusn,
801 2873 881 2935 hacc
901 2874 1039 2957 propria
1057 2874 1298 2957 conjunctionis
1318 2892 1378 2953 cpe
1398 2876 1643 2936 constructione
1664 2876 1798 2960 insignis
1818 2884 1884 2937 cst:
1911 2869 2007 2937 und'c

286 3003 374 3055 nunc
396 2992 617 3074 rhythmicam
639 2962 869 3055 incendiorum
890 2988 1156 3074 deprecationem
1175 2990 1225 3052 sic
1251 2992 1464 3075 interpretor,
1493 2995 1586 3074 quasi
1614 3010 1674 3075 cpe
1699 2995 1744 3056 sit
1764 2990 1925 3056 Graecum
1945 2989 2004 3054 ad-

285 3110 437 3173 verbium
459 3106 536 3189 ἄπο,
558 3108 646 3172 idem
665 3106 846 3192 scre·‹1'uod
868 3117 981 3171 contro
1001 3109 1198 3196 significans.

370 3259 401 3267 ’·
449 3227 550 3293 Arses
592 3234 716 3291 carcer!
755 3227 772 3304 Ι,
802 3226 961 3305 Sethlcnt,
988 3226 1127 3308 Taphra!
1161 3223 1166 3308 Ι
1207 3247 1267 3308 ope
1329 3240 1447 3291 termntt
1486 3225 1492 3308 Ι
1526 3232 1579 3311 pis
1661 3248 1695 3294 ee
1735 3238 1815 3294 ectu.

342 3373 344 3379 s
447 3345 770 3411 Incendia'vortast-
798 3344 995 3424 Vulcanale,
1017 3344 1126 3406 Parile
1146 3344 1301 3409 adversus
1321 3343 1485 3411 flammam
1505 3350 1634 3432 piamen
1656 3357 1705 3411 est
1724 3346 1824 3411 istud.
1888 3360 1892 3369 '
1995 3359 2000 3367 '

286 3463 324 3525 ln
339 3464 495 3549 ¹Iguvinis
515 3464 723 3526 tabulis'non
742 3459 904 3527 locorum
926 3461 1074 3546 quidem,
1099 3461 1157 3524 sed
1184 3474 1370 3548 temporum
1398 3469 1559 3545 varietas,
1588 3468 1707 3549 quihus
1734 3474 1888 3528 exaratae
1915 3474 1996 3543 sunt,

279 3585 485 3668 agnoscitur.
526 3583 764 3664 Antiquissima
785 3582 934 3645 omnium
955 3591 1005 3643 est
1026 3591 1142 3664 quarta
1163 3581 1293 3661 tabula,
1311 3585 1448 3668 ·quippc
1468 3604 1533 3666 qua
1554 3583 1724 3672 Iguvium,
1756 3587 1786 3646 si
1805 3603 1826 3645 a
1852 3583 2000 3671 genitivo

284 3700 427 3762 nominis
448 3697 594 3777 itt-at.
617 3709 651 3760 et
670 3697 926 3777 tssdtsccsserts,
957 3700 1289 3784 IaaFtva‘scmper‚
1318 3709 1357 3762 ιιι
1382 3703 1418 3761 in
1444 3705 1603 3780 nummis,
1630 3702 1797 3766 scribitur.
1825 3701 1998 3784 ·Perquam

285 3827 439 3880 recentes·
455 3815 701 3880 contravidcn·
718 3827 860 3901 ‘possunt
880 3819 971 3879 sexta
991 3819 1194 3901 septimaque
1215 3816 1361 3896 tabulae,
1391 3838 1475 3902 quae
1495 3839 1561 3882 non
1583 3830 1776 3906 argumento
1798 3821 1924 3898 solum,
1943 3814 1999 3882 sed

283 3938 426 4020 repetito
447 3940 698 4017 quoqueversu
719 3936 778 4013 Vl,
791 3956 821 4013 a,
832 3938 884 4002 65.
907 3946 941 3998 et
952 3935 1027 4014 Vll,
1039 3956 1069 4014 a,
1083 3937 1222 3998 linter
1242 3955 1277 3997 se
1298 3946 1554 3999 connectuntur:
1577 3941 1612 3999 in
1633 3940 1700 4028 illis
1722 3941 1811 4000 enim
1830 3953 1893 4022 pro
1910 3937 2000 4009 'lsai

282 4054 381 4120 Fere
401 4053 635 4132 intentat.
658 4073 725 4116 non
746 4055 872 4135 ljooino
892 4052 1010 4133 modo,
1036 4073 1153 4117 verum
1175 4048 1274 4118 etiau‘i
1299 4055 1412 4119 Iovino
1433 4055 1568 4142 legitur.
1612 4054 1664 4118 Ne
1686 4052 1767 4119 vero
1799 4056 1998 4121 contrariam

223 4249 225 4263 ⁴
283 4149 377 4258 putes
398 4181 585 4257 temporum
605 4174 785 4250 rationem,
799 4171 1042 4254 *quiaRomani
1063 4174 1217 4253 Iguuinos
1238 4169 1454 4256 scripserunt,
1476 4183 1575 4255 atque
1594 4165 1748 4237 hodierni
1769 4174 1846 4238 Itali
1869 4172 1999 4238 Gsbtts

282 4288 409 4367 dicunt,
430 4288 471 4353 ad
484 4291 702 4353 ea'animum·
719 4288 880 4369 advertas,
903 4309 987 4373 quae
1008 4294 1122 4371 quinta
1143 4291 1255 4352 tabula
1275 4289 1380 4353 docet.

288 4454 299 4468 „
377 4458 380 4464 -
420 4412 497 4474 :35.
542 4408 578 4469 ln
600 4405 849 4490 quinta'tabula
869 4427 936 4470 non
957 4408 1064 4470 solum
1093 4409 1323 4492 praeposterus
1344 4411 1540 4496 paginarum
1567 4407 1669 4489 ordo,
1702 4419 1740 4472 ut
1764 4412 1802 4472 in
1828 4389 1948 4493 quarta
1956 4400 2006 4472 et*

283 4537 374 4590 sexta
394 4527 528 4609 tabulis,
561 4528 761 4614 agnoscitur,
777 4573 780 4580 .
794 4524 853 4591 sed
882 4529 977 4610 prior
998 4521 1128 4609 quoque
1155 4529 1275 4614 pagiua
1301 4526 1382 4590 duas
1409 4529 1639 4610 inscriptiones
1668 4531 1830 4607 continet,-
1858 4526 2000 4590 diversis

283 4646 488 4730 temporibus
508 4655 659 4707 exaratas
668 4649 679 4705 ι
699 4642 790 4727 quod
808 4641 952 4728 quidem,
974 4655 1012 4713 ut
1023 4645 1094 4706 alia·
1110 4647 1271 4723 omittam,
1294 4664 1335 4706 ex
1347 4644 1545 4730 imperativo
1566 4644 1799 4732 deposcitis
1818 4640 1999 4730 praecipue

284 4765 506 4848 cognoscitur.
541 4762 596 4825 :ln
627 4762 738 4847 prima·
771 4761 909 4846 ¹quidem
938 4761 1047 4825 tabula
1085 4772 1152 4825 tam
1189 4760 1415 4847 rederent,
1458 4784 1555 4848 quam
1586 4762 1822 4851 *radendae
1861 4764 1996 4852 legitur,

283 4879 558 4966 quemadmodum
578 4883 615 4945 in
635 4890 725 4944 sexta
745 4882 950 4966 septimaque
970 4879 1095 4947 tabulis
1113 4884 1357 4964 tamperanimo
1376 4892 1412 4947 et
1425 4885 1652 4965 persensus,
1685 4901 1783 4967 quam
1801 4880 1997 4966 permittas
