4244 5722
572 1862 1560 1967 Praefatio⁸>

833 2176 1160 2185 -—.--.—--—-—-

215 2473 226 2488 ⁴
310 2428 531 2584 Expositis
563 2489 758 2561 nominum
790 2487 1056 2583 verborumque
1089 2486 1349 2562 Umbricorum
1381 2487 1616 2578 flexionibus,
1650 2487 1743 2560 nihil
1776 2487 1849 2560 faro

149 2642 405 2738 explicandum
430 2650 547 2730 restat,
570 2641 643 2711 nisi
667 2639 924 2734 particularum
947 2665 1047 2731 usus,
1071 2663 1182 2735 quem
1207 2640 1357 2735 quidem
1383 2639 1457 2728 jam
1481 2640 1624 2733 saepius
1648 2640 1761 2734 attigi,
1786 2639 1849 2712 ssd

148 2794 255 2864 latius
281 2791 469 2864 ostendere
493 2789 577 2862 licet
601 2815 646 2862 ex
669 2790 735 2879 iis,
770 2814 861 2886 quae
884 2792 924 2861 in
949 2801 1047 2863 sexta
1071 2792 1296 2887 septimaque
1322 2789 1456 2864 tabulis
1481 2801 1627 2886 quartae
1651 2792 1849 2887 praeceptis

150 2944 270 3015 addita
295 2953 388 3015 sunt.
439 2942 510 3014 His
534 2942 644 3035 igitur
668 2939 893 3013 illustrandis
917 2941 1115 3037 plurimam
1140 2943 1311 3038 equidem
1336 2943 1421 3016 dedi
1439 2966 1599 3039 operam,
1624 2967 1695 3039 qua
1720 2945 1849 3014 sinon
1893 3040 1896 3046 ¹

150 3096 273 3167 omnia
298 3096 342 3167 ad
366 3090 551 3188 liquidum
575 3093 724 3187 perduci
749 3100 964 3187 potueruut,
989 3095 1144 3165 minime
1171 3103 1225 3166 est
1248 3096 1477 3186 mirandum,
1503 3120 1618 3191 quum
1644 3105 1680 3167 et
1704 3118 1781 3184 res,
1804 3095 1849 3166 de

150 3247 283 3340 quibus
307 3246 442 3339 agitur,
476 3254 511 3314 et
537 3244 659 3333 verba,
696 3244 827 3338 quibus
852 3268 908 3315 res
934 3245 1184 3338 designantur,
1210 3246 1288 3339 pari
1313 3248 1531 3318 obscuritate
1555 3246 1728 3318 laborent
1778 3245 1848 3318 Res

150 3399 247 3467 enim
273 3397 452 3492 pertinent
477 3394 520 3465 ad
536 3394 771 3486 auguriorum
797 3418 1050 3490 sacrorumque
1065 3396 1167 3486 ritus,
1194 3421 1296 3492 quos,
1323 3420 1439 3492 quum
1465 3422 1591 3470 omnes
1604 3399 1850 3471 Romanorum

149 3548 238 3619 libri
264 3547 408 3619 rituales
433 3546 657 3635 interierint,
682 3570 791 3617 nemo
816 3548 1032 3641 scriptorum
1056 3511 1219 3619 veterum
1246 3548 1330 3620 satis
1356 3550 1495 3639 docuit,
1521 3549 1592 3640 vel,
1618 3550 1650 3620 si
1677 3550 1757 3645 quis
1782 3550 1849 3622 Ro-

151 3724 278 3770 manos
308 3700 397 3770 ritus
422 3673 620 3785 docuisset,
652 3698 714 3767 vix
747 3698 831 3769 satis
863 3657 1145 3793 intelligeremus
1171 3698 1365 3771 Umbricos
1398 3710 1544 3796 propter
1576 3699 1782 3794 linguarum
1816 3711 1850 3772 et

152 3874 298 3923 morum
329 3873 471 3944 quoque
505 3848 790 3941 discrepantiam.
840 3851 897 3921 De
931 3851 1088 3945 auguriis
1124 3850 1276 3948 aliisque
1309 3854 1418 3923 rebus
1451 3853 1559 3924 sacris
1593 3874 1703 3946 quam
1736 3849 1851 3922 multa

151 4003 222 4095 ipsi
247 4002 400 4074 Romani
425 4024 498 4072 non
523 3999 775 4089 intellexerint,
800 4011 907 4073 testes
932 4011 1015 4073 suut
1040 4001 1167 4073 Festus
1193 4015 1228 4075 et
1253 4003 1450 4094 Arnobius,
1477 4026 1635 4097 quorum
1658 4000 1723 4072 ille
1747 4000 1849 4072 alites

153 4155 312 4248 quidem,
333 4151 543 4248 sanqualem
557 4115 592 4223 et
604 4150 853 4223 immissulum
867 4151 1223 4245 siveimmussulum,
1238 4180 1328 4251 quos
1344 4178 1495 4250 augures
1508 4111 1689 4226 Romanos
1702 4176 1848 4246 maguae
1871 4231 1883 4250 ,

150 4303 369 4398 quaestionis
394 4304 561 4375 habuisse
587 4301 727 4392 Plinius
752 4302 801 4375 H.
826 4304 870 4376 N.
896 4303 945 4393 X,
967 4303 1000 4375 7.
1027 4302 1229 4398 profitetur,
1254 4307 1480 4401 interpretari
1506 4315 1653 4376 conatus
1680 4314 1751 4394 est,
1776 4304 1845 4375 im-

150 4455 355 4526 mussulum
389 4465 509 4526 tamen
543 4454 644 4549 quasi
677 4451 838 4549 sanquali
871 4452 1086 4526 similiorem
1124 4457 1168 4526 ab
1207 4456 1412 4529 immissulo
1451 4457 1657 4530 distinxisse
1690 4454 1845 4527 videtur.

150 4608 260 4702 Apud
286 4608 441 4679 eundem
466 4607 614 4702 legitur:
642 4603 882 4708 »Marspedis
906 4607 981 4678 sive
1006 4606 1084 4678 sine
1110 4630 1132 4676 r
1155 4605 1258 4678 litera
1278 4577 1479 4701 'Moapedie
1502 4610 1542 4678 in
1565 4608 1769 4704 precatione
1791 4631 1846 4679 so·

108 4779 111 4783 ⁴
152 4743 386 4830 »litamilium
412 4760 500 4855 quid
525 4758 711 4853 significet,
735 4783 781 4829 ns
793 4756 960 4830 Messalla
985 4757 1133 4852 quidem
1157 4781 1269 4852 augur
1293 4758 1331 4828 iu
1349 4756 1597 4853 explanatione
1613 4760 1844 4863 auguriorum

153 4910 331 5004 »reperire
356 4935 393 4982 se
418 4910 578 5006 potuisse
603 4910 703 5002 ait3«
729 4912 826 5006 apud
850 4909 1056 4983 Amobium
1080 4918 1199 4982 autem
1226 4907 1397 4983 adversus
1423 4911 1585 5005 geoth.
1612 4913 1695 4988 Vll.
1722 4911 1845 4993 »Quid
