4244 5722
295 1715 413 1807 Pars
441 1712 488 1802 Ι.
554 1712 713 1803 Oscum
741 1708 973 1801 Bantinos
1002 1705 1180 1799 tubulas
1207 1702 1513 1823 fraqmentum.
1572 1698 1683 1842 Tab.
1716 1699 1753 1789 1.

317 1935 521 2044 Bantinam
542 1978 691 2044 tabulam
711 1978 778 2060 jam
800 1973 838 2040 G.
860 1972 1028 2054 Rosinius,
1057 1970 1153 2053 cujus
1174 1990 1217 2034 ex
1243 1986 1346 2054 opere
1367 1938 1628 2032 delineationem
1649 1965 1720 2046 ejus
1741 1962 1850 2042 hausi,
1878 1983 1898 2029 e

151 2106 372 2195 fragminibus
393 2105 497 2169 variis
519 2100 726 2186 composuit:
755 2118 861 2163 unum
881 2095 983 2162 modo
1005 2098 1240 2183 fragmentum,
1270 2091 1362 2176 quod
1383 2092 1440 2156 cui
1465 2091 1543 2156 locu
1571 2089 1779 2157 reddendum
1801 2099 1898 2169 esset,

151 2242 249 2288 nemo
271 2226 513 2301 extricaverat,
543 2223 615 2305 ipse
641 2221 772 2304 primus
799 2219 836 2278 in
863 2217 930 2278 fine
958 2217 1150 2291 primorum
1177 2229 1338 2266 versuum
1363 2206 1482 2286 adjeci.
1524 2208 1584 2274 Sic
1608 2212 1698 2274 enim
1724 2228 1791 2272 non
1814 2208 1900 2272 Osca

152 2339 254 2406 modo
274 2340 380 2401 verba
402 2326 567 2408 tunginus
585 2334 620 2387 ct
638 2337 769 2403 prater,
799 2324 835 2381 in
857 2323 957 2382 initio
978 2337 1139 2382 uersuum
1159 2319 1181 2382 7
1201 2325 1237 2401 ct
1258 2319 1298 2381 16
1319 2322 1482 2399 repetita,
1511 2328 1756 2399 restituuntur,
1783 2324 1842 2386 sed
1862 2328 1900 2387 in

154 2457 276 2516 Latina
296 2463 428 2529 quoque
457 2439 572 2504 tabula
599 2437 755 2498 firmatur
774 2432 918 2496 Marinii
947 2432 1123 2510 sententie,
1152 2430 1210 2514 qui
1238 2430 1274 2491 in
1303 2432 1406 2494 tertio
1431 2450 1534 2495 versu
1561 2435 1755 2520 imperativi
1781 2439 1902 2506 ddcitu

152 2564 287 2630 finalem
308 2561 445 2625 literam
465 2557 493 2621 0
516 2574 579 2642 pro
602 2552 630 2637 Q
652 2547 833 2642 legendum
853 2551 996 2637 putavit.
1040 2547 1158 2612 Verba
1177 2548 1284 2632 primi
1311 2567 1428 2613 versus
1448 2551 1596 2617 multatam
1619 2552 1748 2634 licitud,
1778 2559 1902 2642 quibus

152 2681 287 2768 singula
306 2678 411 2743 totius
432 2672 624 2763 argumenti
646 2671 757 2756 capita
778 2664 893 2731 claudi
913 2685 1020 2730 vacuo
1042 2668 1151 2751 spatio
1165 2666 1386 2753 significatur,
1408 2670 1507 2753 quale
1523 2680 1573 2736 est
1593 2682 1670 2759 post
1682 2676 1902 2761 imperativus

26 2827 29 2834 .
154 2798 272 2866 licinus
291 2806 326 2862 ,p
346 2794 441 2861 „md
460 2814 493 2858 v,
518 2788 775 2867 13,18‚23.27.,
796 2785 929 2872 punctis
950 2785 1078 2863 notavi,
1100 2782 1377 2868 quemadmodum
1396 2787 1469 2869 illa,
1490 2809 1576 2873 quae
1596 2793 1632 2854 in
1653 2793 1719 2859 fine
1738 2816 1902 2866 versuum

154 2922 192 2984 ll
215 2926 249 2982 et
271 2919 323 2983 12.
346 2923 445 2998 atque
465 2910 566 2974 initio
595 2929 628 2972 v.
650 2906 703 2974 2⁷.
725 2925 745 2970 e
771 2903 1031 2990 repetitionibus
1059 2900 1243 2968 eorundem
1270 2904 1455 2970 verborum
1482 2928 1515 2973 11.
1537 2912 1589 2977 26.
1610 2919 1645 2975 et
1667 2914 1717 2981 18.
1747 2918 1902 3003 suppleta

153 3046 240 3101 sunt.
283 3032 395 3118 Quum
415 3051 458 3095 ex
477 3027 641 3114 suppletis
661 3026 746 3090 locis
767 3032 1001 3112 cognoscatur,
1029 3022 1141 3103 iniis,
1171 3041 1256 3106 quae
1283 3024 1375 3086 iuter
1398 3044 1516 3090 versus
1539 3030 1578 3092 ll
1599 3039 1634 3094 et
1653 3032 1706 3099 27.
1727 3033 1900 3125 leguntur,

155 3153 242 3217 nihil
263 3151 391 3230 deesse,
419 3166 543 3233 paucae
565 3145 703 3223 literae,
732 3160 817 3226 quae
843 3149 921 3224 post
945 3158 1062 3205 versus
1084 3139 1218 3208 18-21.
1239 3142 1422 3226 separatim
1450 3153 1607 3211 exaratae
1635 3155 1903 3240 conspiciuntur,

158 3270 201 3336 ad
220 3269 361 3334 alteram
382 3265 517 3331 tabulae
537 3263 692 3351 paginam
714 3259 897 3345 pertinent,
925 3277 1009 3342 qnae
1030 3267 1082 3321 est
1102 3254 1287 3345 deperdita.
1329 3259 1406 3324 Jam
1427 3262 1518 3326 enim
1538 3262 1701 3332 Klensius
1721 3270 1806 3338 bene
1826 3296 1904 3361 per.

157 3389 283 3472 spexit,
312 3384 461 3450 tabulam
481 3382 597 3470 plures
619 3379 827 3465 complexam
848 3394 917 3440 esse
940 3378 1095 3485 paginas,
1123 3396 1267 3460 quarum
1287 3379 1323 3441 in
1351 3379 1459 3445 altera
1479 3391 1594 3466 parte,
1627 3407 1732 3470 quum
1757 3391 1904 3460 Latinae

157 3505 320 3571 versionis
341 3505 481 3591 paginae
503 3500 612 3564 multo
633 3502 796 3581 majorem
815 3494 977 3561 haberent
998 3493 1224 3577 latitudinem,
1246 3516 1289 3561 ne
1306 3517 1373 3562 una
1388 3497 1525 3583 quidam
1545 3504 1616 3568 sine
1628 3526 1748 3595 magna
1760 3509 1904 3595 quadam

160 3624 371 3687 truncatione
393 3620 488 3684 nobis
509 3628 641 3683 servata
662 3627 722 3682 est
750 3615 799 3678 Ex
819 3616 862 3678 iis
884 3624 1008 3693 autem,
1029 3633 1115 3698 quae
1134 3614 1258 3679 Latine
1277 3617 1403 3702 scripta
1423 3628 1512 3696 sunt,
1533 3617 1706 3706 discimus,
1727 3647 1902 3716 argaman.

159 3755 231 3808 tum
253 3741 382 3806 tabulae
404 3740 505 3802 fuisse
526 3737 635 3827 legem
657 3732 872 3816 judiciariam
892 3730 934 3796 de
954 3730 1162 3818 repetundis,
1184 3732 1255 3796 illis
1269 3733 1399 3822 legibus
1419 3736 1575 3818 similem,
1597 3762 1678 3825 quas
1695 3732 1839 3831 'septimo
1860 3751 1904 3815 21,

159 3859 250 3925 Urbe
271 3856 407 3922 condita
427 3856 540 3921 seculo
561 3854 790 3943 promulgatas
811 3853 952 3916 scimus:
975 3870 1143 3937 quumque
1164 3853 1249 3942 legis
1270 3851 1368 3936 hujus
1375 3855 1518 3920 Latinae
1538 3868 1688 3926 extrema
1708 3866 1781 3931 fere
1800 3888 1905 3956 expo·

22 4004 25 4009 .
159 3981 224 4045 ,ita
243 3978 404 4066 legamus,
431 3975 551 4042 Oscam
573 3971 828 4062 opisthographi
848 3973 1028 4059 fragmenti
1049 3972 1305 4056 inscriptionem
1325 3970 1368 4037 ad
1389 3975 1526 4039 initium
1547 3978 1681 4045 tabulae
1702 3987 1904 4068 pertinuisse

161 4106 419 4161 consentaneum
439 4103 496 4159 est.
542 4092 675 4176 Quanta
694 4110 773 4176 pars
802 4091 896 4153 initii
918 4088 1016 4170 desit,
1045 4086 1182 4155 definiri
1208 4093 1337 4175 nequit,
1366 4104 1607 4181 praetereaque
1627 4117 1646 4163 e
1665 4104 1818 4169 versibus
1838 4111 1904 4191 33„

158 4215 279 4297 quibus
300 4209 483 4277 secundum
508 4213 678 4297 appositos
706 4229 726 4272 a
754 4209 851 4273 nobis
880 4227 1040 4272 numeros
1062 4208 1147 4272 Osca
1174 4211 1367 4274 continetur
1387 4213 1577 4299 inscriptio,
1607 4214 1723 4285 decem
1744 4223 1849 4308 primi
1869 4238 1905 4294 et

158 4352 215 4394 sex
237 4332 398 4416 postremi
420 4331 534 4393 autin
554 4329 731 4408 alterutra,
753 4337 812 4393 att
833 4328 869 4390 in
891 4336 1035 4413 utraque
1055 4337 1151 4412 parte
1172 4325 1257 4393 adeo
1278 4330 1429 4394 mutilati
1439 4342 1529 4413 sunt,
1550 4344 1677 4399 utnon
1696 4340 1770 4405 sine
1789 4342 1906 4411 hario-

159 4450 285 4513 latione
306 4446 457 4533 suppleri
477 4447 614 4532 possint.
659 4446 820 4511 Feliciter
840 4454 952 4510 mmen
974 4443 1109 4526 accidit,
1130 4455 1180 4528 ut,
1199 4430 1303 4511 Oscae
1324 4448 1410 4538 legis
1430 4452 1562 4540 paginis
1582 4458 1775 4543 angustiore
1794 4467 1905 4549 spatio

161 4567 307 4650 scriptis,
340 4561 480 4628 dimidia
500 4564 612 4628 saltim
631 4584 711 4649 pars
733 4568 806 4647 ejus
827 4572 885 4628 aut
905 4566 1002 4650 plene
1020 4563 1154 4654 legatur
1174 4575 1233 4630 aut
1253 4567 1352 4631 facile
1372 4570 1479 4651 possit
1498 4572 1644 4639 restitui.
1686 4573 1777 4642 Illud
1797 4581 1906 4670 igitur

163 4687 298 4768 utrique
319 4683 401 4770 legi,
423 4693 458 4747 et
478 4682 583 4745 Oscae
604 4692 639 4747 et
657 4682 813 4763 Latinae,
836 4701 1012 4747 commune
1034 4692 1097 4793 est,
1120 4693 1159 4748 nt
1179 4702 1198 4747 e
1219 4686 1390 4768 quaternis
1411 4686 1589 4772 capitibus,
1610 4711 1754 4774 quornm
1774 4699 1905 4788 singula

164 4805 201 4864 in
221 4803 343 4868 Latina
363 4800 439 4889 lege
459 4820 479 4863 a
501 4818 590 4863 novo
611 4818 711 4863 versu
732 4802 911 4886 incipiunt,
944 4801 980 4863 in
1001 4800 1086 4865 Osca
1106 4820 1190 4866 vero
1211 4803 1341 4882 majore
1368 4812 1498 4868 tantum
1520 4807 1702 4874 intervallo
1723 4815 1906 4885 verborum

165 4917 413 5000 discernuntur,
443 4926 511 4983 tam
531 4917 679 5003 primum
699 4939 796 5003 quam
817 4928 1024 5005 postremum
1046 4917 1130 4984 adeo
1151 4920 1347 4986 mutilatum
1366 4922 1423 5002 sit,
1444 4932 1494 5004 ut,
1515 4943 1559 4988 ne
1579 4945 1716 5012 operam
1738 4940 1772 4997 et
1792 4934 1904 5003 oleum
1984 4926 1990 4931 ’

1408 5091 1430 5156 2
