4244 5722
933 560 1182 673 ..23¹-

186 754 365 821 Claudium
386 753 475 839 apud
484 755 661 834 Romanos,
687 755 703 815 l
730 772 794 836 pro
818 751 847 817 Υ
869 757 1053 841 scripsisse,
1075 755 1247 821 refellitur
1258 698 1420 822 Abellatra
1444 755 1570 837 tabula,
1592 759 1629 820 in
1650 777 1714 842 qua
1734 777 1802 823 uon
1822 761 1940 825 solum

183 883 326 960 utraque
345 873 460 953 litera,
482 885 521 938 ut
540 876 577 936 in
597 871 742 935 KATVI
762 872 806 954 11,
818 873 864 953 7.,
898 877 1086 956 conjuncta,
1109 874 1224 944 sedin
1244 873 1363 940 iisdem
1384 895 1515 960 quoque
1536 875 1685 958 vocibus,
1706 889 1745 943 ut
1767 878 1937 945 triburab-

184 993 263 1077 tius
277 1013 371 1058 numu
390 991 494 1074 istius
510 991 584 1072 I,ll
597 1011 645 1073 sq.
657 995 698 1058 16
708 1012 771 1076 sq„
793 1001 863 1056 tam
884 990 936 1056 IV
956 1013 1055 1076 quam
1079 990 1130 1054 [Υ
1159 996 1285 1076 scripta
1308 992 1448 1082 legitur.
1496 993 1654 1059 Notands
1680 1008 1731 1062 est
1756 1008 1938 1082 praeterea

184 1113 352 1177 vocalium
373 1111 556 1199 geminatio
584 1112 622 1172 in
648 1111 839 1174 nominibus
858 1106 1027 1176 Audimus
1047 1118 1083 1173 et
1108 1111 1271 1185 Viinilsiis,
1301 1115 1550 1179 srietaamestnd
1576 1124 1610 1178 et
1640 1115 1780 1195 triibom,
1810 1134 1875 1198 qua
1904 1114 1938 1175 si

184 1229 315 1313 syllaba
334 1228 499 1315 products
518 1230 777 1317 significaretur,
800 1229 930 1292 triibom
951 1230 1103 1313 priorem
1124 1229 1288 1310 syllabam
1308 1222 1511 1310 productum¹
1529 1232 1685 1313 baberet3
1713 1242 1750 1297 at
1769 1235 1805 1294 in
1823 1250 1936 1314 paam-

185 1346 567 1429 vereiioiPompoiiuuci,
588 1349 678 1410 sicut
698 1346 735 1406 in
744 1342 928 1410 Kooisclscr
937 1344 1146 1428 Pompeiians
1156 1348 1332 1423 (Quaestor
1340 1345 1580 1430 Pompejamse),
1610 1350 1754 1415 duarum
1775 1353 1804 1416 ii
1824 1350 1933 1416 alters

184 1476 235 1530 est
255 1485 449 1532 consonans.
497 1466 622 1533 Vinicii
641 1481 774 1542 nomen,
796 1462 888 1548 quod
902 1463 1037 1529 Tiberii
1057 1482 1181 1551 genero
1203 1467 1269 1529 fuit
1289 1484 1308 1529 s
1330 1465 1468 1530 Calibus
1490 1477 1567 1530 orto
1589 1466 1712 1547 (Tacit.
1724 1468 1765 1536 A.
1777 1467 1842 1546 VI,
1856 1467 1936 1547 lb),

185 1585 264 1649 satis
285 1593 404 1647 notum
425 1593 477 1647 est
497 1582 654 1662 eVellsii
674 1582 848 1645 Paterculi
868 1582 1022 1648 historiis
1043 1581 1086 1646 ad
1107 1602 1184 1645 eum
1204 1585 1359 1669 scriptis;
1380 1581 1550 1651 Abdicans
1570 1582 1841 1652 veroAteriomss
1863 1600 1937 1649 esso

184 1700 334 1782 videtur,
356 1698 636 1787 quemadmodum
655 1696 818 1781 Audiriic,
848 1721 947 1785 quem
974 1703 1065 1765 infra
1091 1701 1252 1789 legemus,
1273 1698 1422 1769 Aeetias.
1465 1702 1562 1768 Alter
1583 1704 1745 1784 citiorum,
1766 1706 1856 1770 alter
1877 1719 1941 1784 op·

184 1839 318 1887 sunnam
341 1820 468 1885 dedisco
490 1819 626 1899 dicitur,
659 1827 694 1883 et
713 1819 825 1903 priori
845 1817 981 1903 quidem
1001 1819 1105 1885 verba
1126 1821 1214 1887 eisaie
1235 1823 1391 1902 eiliuoud,
1419 1823 1604 1908 posteriori
1624 1823 1745 1887 laidem
1763 1819 1945 1906 profutted

109 1944 113 1959 '
186 1936 367 2007 adduntur.
411 1940 565 2022 Operose
585 1938 693 2025 igitur
713 1957 777 2020 pro
797 1934 886 2000 laide
907 1941 1083 2023 profanata
1102 1959 1171 2002 non
1192 1951 1302 2025 potest
1323 1961 1395 2006 esse
1416 1940 1593 2023 obsonium,
1615 1939 1684 2022 sed,
1705 1941 1793 2004 sicut
1813 1942 1943 2006 eitiuoa

186 2059 260 2122 sive
279 2049 432 2123 α’ίθοασα
453 2053 489 2124 ἐν
511 2047 659 2144 αἰθούσῃ
679 2053 864 2120 secundum
875 2054 1042 2122 Varronis
1062 2056 1176 2122 locum
1196 2059 1238 2126 L.
1250 2060 1292 2126 L.
1304 2058 1350 2139 V,
1360 2063 1414 2128 33.
1449 2059 1593 2128 »Domus
1606 2058 1784 2139 Graecum,
1806 2069 1840 2124 et
1858 2054 1940 2121 ideo

188 2177 244 2240 sin
264 2173 403 2238 aedibus
423 2176 528 2239 sacris
550 2173 758 2248 antecellam,
780 2175 840 2235 nbi
860 2172 955 2234 sedes
976 2173 1032 2234 dei
1052 2186 1141 2248 sunt,
1163 2174 1287 2240 Graeci
1307 2175 1425 2243 dicunt
1444 2155 1632 2264 noioeane,
1654 2177 1835 2265 quodpost,
1855 2169 1939 2244 ὄπι·

188 2287 401 2373 »noioeane«
419 2294 580 2353 Barcinae
594 2288 730 2352 tabulae
740 2288 857 2351 utrum
870 2286 945 2351 sive
956 2277 1132 2372 πρόδομοο
1145 2288 1324 2376 significat,
1347 2279 1582 2374 ὀπισθόδομος
1603 2305 1654 2359 est
1673 2297 1745 2360 sive
1766 2296 1943 2379 posterior

186 2407 278 2472 aedis
300 2379 397 2473 cella.
438 2383 540 2467 Isidis
561 2404 658 2467 aedes
680 2405 771 2466 enim
782 2401 884 2488 podio
906 2405 999 2467 aulae
1021 2403 1161 2485 medias,
1183 2409 1320 2490 porticu
1332 2407 1508 2472 Corinthia
1518 2409 1756 2492 circumdatae,
1779 2409 1946 2496 imposita

187 2536 249 2607 cst,
270 2545 378 2610 nequo
398 2526 511 2587 solum
532 2533 609 2587 aute
631 2521 752 2585 cellam
766 2523 919 2606 porticus
930 2519 1108 2586 Corinthia
1127 2524 1322 2607 tetrastylos
1343 2528 1560 2611 conspicitur,
1581 2549 1702 2592 verum
1723 2541 1799 2614 post
1819 2525 1947 2592 aedem

188 2662 320 2728 quoque
347 2663 490 2726 parvum
518 2639 709 2704 aedificium
737 2658 815 2702 cum
839 2659 910 2718 ara,
937 2642 1027 2705 sicut
1054 2638 1146 2704 aliud
1173 2663 1251 2707 oum
1278 2654 1392 2729 puteo,
1421 2646 1459 2708 in
1484 2664 1598 2709 sacros
1622 2666 1702 2710 usus
1723 2644 1944 2710 destinatum.

187 2761 322 2827 Dativis
347 2761 580 2843 peomnereijui
605 2754 833 2841 Pompoijunui
859 2757 1053 2848 designatur
1078 2780 1172 2825 sacra
1199 2760 1480 2848 PompeJauorum
1508 2766 1627 2829 concio
1656 2767 1752 2848 qusai
1778 2759 1947 2852 πανίερος

149 2909 151 2912 ·
187 2870 393 2969 πανήγυριςι
416 2882 454 2943 in
467 2878 620 2967 Iguvinis
641 2878 733 2940 enim
754 2877 879 2941 tabulis
901 2886 970 2940 tam
989 2896 1126 2944 παοτα
1148 2901 1211 2964 pro
1233 2885 1338 2948 omnio
1358 2904 1458 2967 quam
1479 2884 1512 2949 F
1515 2881 1604 2973 ερες
1626 2883 1699 2948 sive
1721 2881 1856 2963 oer(e)ir
1875 2895 1944 2968 pro

189 2999 288 3083 feriis
308 3000 446 3086 legitur.
487 2996 665 3059 Ablativus
693 2996 952 3076 trisloamentud,
979 3015 1000 3059 a
1024 2997 1129 3062 verbo
1150 3001 1319 3065 intensivo
1342 3004 1440 3067 triste
1460 3022 1523 3086 pro
1547 3005 1641 3081 iriso,
1663 3000 1826 3066 Umbrico
1849 2995 1943 3065 dim

189 3115 301 3196 (dico),
330 3114 514 3195 deductus„
535 3131 600 3198 pro
622 3113 833 3178 dirstomento
854 3115 926 3176 sive
947 3115 1163 3178 dedicumento
1184 3121 1314 3201 positus
1334 3129 1384 3181 est
1404 3139 1466 3204 per
1485 3119 1695 3200 metathesin,
1723 3115 1946 3204 quemadmo-

189 3231 272 3298 dum
298 3253 318 3297 e
344 3236 517 3298 contrario
546 3229 672 3294 Paulus
698 3231 870 3295 Diaconus
900 3242 1082 3296 termentum
1108 3231 1199 3317 apud
1227 3235 1383 3299 Plautum
1404 3236 1524 3299 Bacch.
1547 3236 1609 3316 IV,
1622 3243 1653 3304 9.
1664 3241 1696 3306 ὅ.
1720 3238 1948 3303 detrimentem

189 3355 446 3437 interpretatur.
488 3352 593 3418 Eisuc
612 3351 756 3413 fleonne
777 3347 913 3434 quidem
933 3365 1002 3412 non
1023 3348 1137 3414 differt
1157 3351 1198 3414 ab
1219 3350 1381 3417 adverbio
1401 3353 1606 3439 ηισα(Ιιίο),
1630 3353 1719 3437 quod
1739 3354 1949 3420 inMamer-

189 3474 261 3537 tina
281 3472 501 3557 inscriptione
516 3471 673 3559 legimus,
694 3466 753 3529 sed
773 3467 939 3531 ablativus
961 3479 1011 3533 est
1030 3471 1239 3554 pronominis
1250 3468 1516 3553 demonstrativi,
1538 3492 1614 3535 cum
1635 3474 1779 3538 eisioaad
1798 3475 1949 3560 iungen-

190 3590 270 3670 dus,
293 3590 372 3656 eleale
394 3599 512 3654 contra
532 3598 610 3674 post
631 3586 761 3653 triibom
781 3589 819 3649 in
840 3584 1099 3652 determinativo
1127 3607 1206 3652 cusu
1227 3590 1374 3673 positum
1402 3608 1471 3653 non
1491 3589 1606 3654 differt
1633 3589 1675 3655 ab
1695 3589 1860 3656 adverbio
1884 3589 1951 3656 elsa

189 3711 227 3772 in
248 3708 406 3795 Capuana
427 3709 660 3791 inscriptione.
692 3703 923 3772 Kombennieis
944 3707 1112 3793 genitivus
1133 3715 1184 3770 est
1197 3707 1239 3771 ab
1253 3708 1401 3772 ablativo
1424 3709 1589 3794 tunginud
1607 3710 1757 3783 (decreto)
1777 3707 1951 3794 pendens,

189 3830 281 3893 sicut
301 3826 493 3909 empurakiis
513 3828 551 3888 in
572 3826 796 3910 inscriptione
815 3845 917 3911 supra
939 3825 1126 3910 explicatae
1149 3835 1199 3890 est
1220 3836 1330 3890 autem
1342 3826 1557 3892 kembennium
1572 3827 1614 3890 ab
1630 3826 1838 3891 Umbrorum
1863 3829 1952 3894 bem

190 3950 263 4012 sive
285 3945 495 4011 Graecorum
516 3943 605 4010 στένω
628 3943 773 4027 (operor)
795 3941 1039 4025 deducendum,
1069 3954 1108 4008 ut
1128 3947 1174 4008 sit
1193 3937 1450 4026 σομποοοῦπων
1470 3947 1543 4010 sive
1562 3950 1725 4033 συνεργῶν
1745 3946 1951 4033 collegium,

192 4065 421 4130 combesnones
448 4065 557 4152 igitur
584 4083 652 4126 non
680 4072 750 4127 tam
778 4061 893 4141 eadem
913 4062 1021 4127 benna
1041 4060 1202 4142 sedentes,
1224 4065 1312 4128 sicut
1331 4062 1452 4126 Paulus
1472 4062 1642 4128 Diaconus
1661 4084 1687 4127 s.
1710 4085 1744 4129 v.
1765 4063 1874 4128 beseno
1896 4064 1954 4127 in-

191 4193 413 4271 terpretatur,
435 4201 536 4266 quam
557 4181 704 4269 collegae
724 4182 803 4247 siut.
844 4180 963 4266 ltaque
985 4178 1065 4244 duas
1086 4181 1156 4243 illas
1176 4183 1413 4267 inscriptiones
1433 4183 1482 4244 sic
1502 4179 1677 4247 vertendas
1699 4200 1841 4245 museo:

235 4301 261 4367 1.
300 4301 339 4369 V.
362 4297 529 4367 Audirons
555 4300 593 4368 l'.
674 4301 824 4366 cationum
836 4301 1069 4382 paumoereijoi
1080 4297 1307 4382 Pompeijsnui
1319 4300 1675 4365 tristoomentoddeded
1683 4299 1774 4366 sisui
1784 4297 1951 4365 citiroud.

297 4417 343 4483 V.
365 4417 532 4483 Adiranus
543 4418 712 4497 V.(iilius)
720 4420 892 4504 porticum
903 4418 1060 4483 concioni
1071 4437 1185 4483 sacras
1195 4418 1414 4503 Pompeianae
1430 4416 1518 4482 douo
1549 4416 1642 4484 dedit
1671 4417 1954 4503 bacinporticu.

223 4537 267 4603 ll.
306 4538 344 4604 V.
372 4537 512 4604 Vioibiir
532 4539 600 4604 Mr.
706 4534 894 4602 Kvaisstur
912 4533 1122 4620 Pompaijuna
1164 4537 1293 4602 triibom
1334 4535 1413 4601 ebuis
1431 4536 1642 4603 bombensieis
1664 4537 1830 4620 tanginad

298 4654 344 4720 V.
369 4656 526 4720 Vinicius
534 4652 708 4734 M.(filius)
721 4655 889 4736 Quaestor
909 4651 1129 4739 Pompeianus
1146 4674 1209 4740 pro
1231 4656 1324 4721 tribu
1343 4654 1401 4719 bic
1463 4655 1599 4745 collegii
1660 4651 1797 4718 decreto

298 4794 469 4857 opsonatum
618 4774 732 4854 deded,
837 4772 959 4837 laidem
976 4771 1158 4853 profutied.

261 4931 269 4953 .
297 4896 461 4976 posticam
483 4893 605 4957 cellam
626 4889 732 4970 dedit,
755 4909 820 4975 pro
840 4887 929 4954 Iside
949 4891 1150 4975 profanavit.
