4244 5722
992 596 1241 662 -16..

688 758 736 833 ’2.
788 754 997 838 Secundam
1021 757 1216 837 Bortinae
1239 758 1391 839 tabulae
1403 775 1542 868 ⁸capot.

413 891 453 958 Si
478 910 545 975 pra
573 891 749 960 meddiarsd
773 893 823 955 sic
851 888 1084 978 explicandum
1111 902 1171 974 est,
1203 892 1483 978 quomadmodum
1514 895 1552 958 in
1580 892 1705 958 1111111
1724 896 1799 987 loge
1819 917 1851 964 1.
1872 900 1991 969 tete

247 1014 337 1097 apud
346 1009 579 1093 Q(aaeatorem)
593 1009 779 1090 armanum)
800 1011 964 1096 scriptam
984 1011 1121 1097 legitur,
1142 1011 1247 1076 verba
1268 1012 1367 1079 altrei
1388 1024 1499 1080 cartre
1519 1015 1612 1080 rauci
1631 1014 1992 1102 incasulocaliposita

246 1141 336 1210 sunt,
357 1140 397 1195 nt
415 1133 454 1197 im
473 1128 580 1196 altera
598 1130 679 1196 ttrbe
698 1131 789 1197 ancia
810 1127 899 1193 idem
919 1129 1094 1218 significet,
1116 1127 1206 1213 quod
1219 1129 1360 1195 Romae:
1383 1141 1523 1198 taetram
1543 1134 1633 1198 enim
1644 1152 1709 1220 pro
1720 1132 1807 1197 urbe
1824 1136 1991 1219 scriptum

246 1268 345 1314 nemo
367 1248 559 1329 mirabitur,
582 1252 642 1333 qui
662 1252 699 1312 in
720 1247 873 1337 Iguvinia
893 1247 1018 1313 tabulis
1037 1255 1170 1312 castmeo
1190 1267 1254 1334 pro
1274 1249 1449 1314 moenibus
1460 1251 1593 1338 legerit,
1614 1254 1870 1335 relproceetria,
1892 1250 1991 1318 Glos-

244 1369 414 1433 sariorum
432 1371 632 1450 procmtria,
654 1385 718 1454 pro
739 1364 901 1430 aedificiis
921 1375 1016 1431 extra
1044 1375 1176 1449 portam
1204 1364 1293 1453 apud
1312 1367 1453 1433 Paulum
1474 1366 1674 1432 Diaconum.
1716 1370 1784 1433 Pro
1805 1371 1894 1435 rocio
1915 1373 1990 1456 qui·

243 1483 320 1549 dem
341 1487 378 1549 in
399 1484 551 1573 Iguviuis
573 1484 699 1550 tabulis
718 1504 812 1550 torro
832 1484 978 1572 legitur3
1000 1481 1059 1547 sed
1069 1504 1133 1570 pro
1144 1486 1248 1550 altero
1259 1484 1380 1550 Umbri
1390 1504 1524 1572 quoque
1541 1484 1674 1550 abolita
1684 1484 1806 1552 diuisae
1815 1486 1989 1566 ridentur,

243 1602 410 1687 eiquidem
437 1604 694 1689 inscriptionem
721 1619 841 1666 aeneae
869 1600 995 1665 Martis
1023 1610 1153 1665 statuae
1182 1613 1259 1667 ante
1286 1603 1417 1686 aliquot
1442 1622 1545 1667 anuos
1566 1622 1672 1689 prope
1692 1602 1809 1668 Tuder
1834 1614 1993 1691 repertae

243 1719 443 1800 (Berraum
464 1718 544 1785 dell'
563 1722 719 1784 instituto
740 1716 777 1781 di
798 1714 1079 1802 corrispondenaa
1099 1720 1332 1808 archeologica
1353 1740 1416 1805 per
1434 1720 1545 1785 l'auno
1567 1721 1659 1790 1837.
1680 1724 1819 1809 pepli.
1860 1721 1995 1790 Kanat-

244 1836 338 1904 olore.
361 1836 526 1927 Stutqart.
551 1838 644 1906 1838.
666 1835 711 1901 Ν.
733 1834 802 1916 65.)
821 1835 859 1896 iu
880 1834 1007 1898 loricae
1027 1837 1164 1924 cingulo
1185 1840 1235 1902 sic
1254 1840 1474 1924 interpretari
1493 1839 1596 1905 lieet:

532 1951 759 2040 Adiciebant)
800 1972 854 2017 111
894 1972 927 2028 ις
987 1952 1056 2030 ab)
1118 1974 1204 2038 111111
1246 1960 1383 2036 nenda)

532 2051 681 2123 Alteram
702 2050 839 2133 (ictum)
860 2055 951 2119 timet
970 2049 1083 2135 (61111)
1104 2057 1147 2135 ir,
1168 2058 1225 2140 qai
1246 2076 1341 2123 asam
1362 2059 1447 2127 bibit
1467 2081 1494 2126 a.
1512 2063 1676 2144 gustarit.

241 2176 365 2243 Eituea
383 2174 516 2242 sicolom
536 2173 646 2240 dicarat
666 2174 875 2254 interpretor
895 2173 1020 2237 aerarii
1041 2190 1166 2239 caueam
1186 2175 1320 2258 dixerit,
1345 2190 1510 2262 quatenus
1524 2179 1603 2242 Osci
1623 2175 1835 2247 deminutiro
1853 2179 1987 2245 sicciore

241 2293 424 2358 utebantur
443 2310 508 2373 pro
528 2293 599 2352 nico
620 2308 653 2350 1.
667 2287 717 2352 111.
729 2282 763 2346 h.
775 2302 805 2346 e.
823 2275 914 2369 disp,
937 2281 1029 2361 dica3
1063 2300 1143 2349 1111
1162 2293 1258 2349 amet
1278 2303 1362 2350 vero
1390 2285 1492 2350 aliter
1518 2287 1739 2373 interpretari
1771 2295 1892 2367 nmcio,
1918 2297 1991 2359 uisi

245 2428 345 2475 araur
366 2406 522 2482 oraverit,
543 2411 584 2466 ut
603 2400 823 2486 participium
843 2398 974 2478 ara(n)e
995 2417 1072 2462 eum
1092 2396 1253 2466 adverbio
1272 2405 1456 2486 petimpert
1475 2422 1503 2468 1.
1512 2405 1693 2488 petiropert
1704 2428 1735 2474 1.
1749 2411 1798 2474 15.
1814 2412 1992 2498 jungatur,

241 2524 332 2612 quod
359 2531 477 2610 quater
501 2520 687 2609 significat,
723 2514 1004 2603 quemadmodum
1029 2514 1232 2608 aperantii
1259 2522 1331 2587 sire
1359 2524 1484 2605 trioper
1516 2521 1553 2584 in
1583 2521 1735 2610 Iguvinis
1771 2525 1893 2589 tabulis
1925 2536 1990 2591 ter.

242 2645 346 2711 Oscos
365 2644 458 2706 euim
476 2649 594 2724 petora
613 2656 677 2723 pro
698 2646 839 2723 91111111
859 2635 994 2717 dixisse,
1023 2638 1137 2704 Festus
1164 2648 1306 2705 testatur
1325 2660 1352 2709 s.
1371 2664 1404 2708 1.
1424 2643 1630 2724 1111111111,
1658 2650 1758 2724 atque
1779 2643 1815 2704 in
1836 2643 1992 2729 Iguviuis

241 2763 366 2830 tabulis
383 2760 556 2842 V1,a‚11.
575 2765 791 2841 petarpararea
811 2775 875 2842 pro
896 2755 1134 2843 quadrifariam
1154 2758 1293 2847 legitur.
1345 2757 1587 2843 Doaoptootad
1607 2759 1732 2823 Latino
1753 2759 1991 2826 (1111111111-

240 2877 393 2967 spondet,
416 2887 579 2964 quatenus
599 2878 706 2960 domop
727 2895 792 2963 pro
814 2876 924 2958 donec,
946 2879 1036 2941 sicut
1055 2895 1116 2960 mep
1136 2878 1208 2942 sive
1227 2879 1302 2962 neip
1321 2899 1385 2966 pro
1405 2899 1465 2945 aee
1485 2877 1554 2943 dici
1574 2878 1714 2956 solebat,
1737 2877 1853 2943 tootad
1864 2897 1947 2944 vero
1969 2899 1990 2943 a

242 3008 334 3066 taeta
354 3019 387 3065 1.
411 3001 464 3065 21.
486 2999 558 3062 sire
580 3006 672 3063 tanta
692 3017 725 3061 1.
748 2999 796 3064 19.
821 2988 927 3073 (τάξει
947 2997 1019 3060 sive
1040 2996 1156 3078 censu)
1177 2993 1369 3075 deducitur,
1391 3001 1480 3062 sicut
1501 3007 1598 3063 taxat
1619 3017 1640 3061 a
1660 2987 1780 3063 τάττω.
1834 3026 1838 3035 ·

409 3114 544 3184 Troiam
571 3134 675 3199 quum
700 3132 764 3197 pro
791 3112 960 3176 infinitivo
987 3115 1098 3198 accipi
1125 3122 1281 3198 nequeat,
1308 3116 1537 3179 accusativum
1560 3132 1703 3204 agnosco
1730 3111 1774 3176 ad
1799 3114 1871 3179 eico
1897 3124 1987 3180 torto

241 3232 469 3315 referendum,
489 3242 529 3297 ut
550 3240 623 3297 tota
643 3251 742 3296 causa
762 3233 835 3295 sive
856 3240 964 3295 totum
986 3229 1149 3310 judicium
1170 3229 1364 3319 designetur
1384 3233 1501 3299 tamam
1514 3232 1586 3296 sive
1600 3232 1796 3313 fraretratam
1817 3225 1987 3320 (apartium

240 3374 319 3418 nam
344 3361 503 3436 peremerat
530 3352 677 3436 positam
705 3359 756 3413 est
781 3367 844 3434 pro
870 3352 1055 3430 peremerit,
1087 3368 1155 3433 quo
1182 3349 1287 3415 verbo
1309 3348 1395 3415 Cato
1421 3348 1604 3414 secundum
1623 3350 1757 3414 Festum
1784 3367 1852 3435 pro
1867 3352 1991 3416 vitiare

240 3492 320 3538 usus
341 3481 403 3552 est,
422 3466 511 3534 unde
529 3467 740 3552 peremptalia
760 3465 898 3554 fulgura
918 3466 1137 3549 vocabantur,
1159 3486 1243 3553 quae
1264 3470 1441 3551 superiora
1461 3469 1599 3555 fulgura
1619 3477 1679 3532 aut
1698 3476 1855 3552 portenta
1871 3469 1909 3532 ri
1928 3487 1991 3532 sua

240 3590 454 3678 perimebant
473 3590 497 3654 i.
508 3606 537 3651 e.
549 3587 723 3652 tollebant.
765 3584 857 3650 Maia
877 3582 1075 3651 adverbium
1095 3588 1200 3669 magis
1222 3595 1282 3665 cst,
1303 3583 1517 3670 undoMajaa
1529 3589 1651 3650 mensis
1663 3582 1844 3649 secundum
1854 3585 1991 3650 Festum

240 3709 388 3776 Maecius
407 3706 605 3786 vocabatur,
630 3713 730 3790 atque
749 3705 881 3768 maimae
907 3724 942 3768 1.
963 3705 995 3771 3.
1019 3710 1054 3766 et
1073 3707 1104 3771 7.
1134 3723 1198 3790 pro
1225 3707 1378 3769 maximae
1407 3708 1554 3791 positum
1579 3702 1737 3784 videtum
1765 3706 1882 3786 paratio
1903 3723 1991 3770 vero

240 3846 305 3915 pro
323 3829 438 3910 pontis
457 3826 622 3910 scriptum
643 3831 706 3901 est,
734 3823 824 3886 sicut
842 3824 881 3885 in
895 3821 1110 3886 Heracleensi
1131 3822 1246 3887 tabula
1268 3831 1397 3905 tumme,
1418 3832 1566 3907 quaritur
1587 3833 1622 3888 et
1641 3824 1836 3888 aeatemtiam
1857 3822 1991 3908 pluries

240 3947 381 4034 legitur,
402 3941 504 4030 idque
515 3961 578 4028 pro
584 3943 729 4024 peractis,
750 3942 840 4005 sicut
859 3938 1060 4005 Umbricum
1080 3942 1291 4017 1111111111
1313 3940 1464 4029 Iguvinis
1485 3941 1609 4006 tabulis
1624 3939 1710 4021 lta
1728 3944 1778 4007 lo.
1800 3936 1991 4022 Petiropert

240 4084 302 4148 nep
322 4065 404 4130 maia
423 4064 541 4146 pomtie
559 4063 670 4151 igitur
689 4068 807 4144 quater
829 4077 888 4122 mec
912 4057 1063 4141 pluribus
1076 4058 1201 4124 oieibae
1222 4059 1399 4147 significat,
1422 4078 1488 4125 com
1502 4059 1677 4144 preieatad
1695 4058 1797 4123 netad
1814 4078 1896 4124 vero
1919 4077 1992 4123 cam

240 4187 374 4267 priamo
393 4184 466 4246 sive
483 4183 637 4263 privatim
658 4180 775 4262 agitor
796 4177 899 4242 litera
920 4177 943 4242 d
962 4179 1053 4241 enim
1072 4174 1162 4262 apud
1179 4177 1344 4241 Romanoa
1358 4196 1491 4262 quoquo
1511 4188 1581 4242 tam
1602 4179 1816 4263 imperativo,
1837 4187 1876 4242 ut
1895 4178 1993 4242 eatod

243 4305 279 4366 iu
300 4304 391 4392 regis
410 4297 548 4363 Romuli
569 4308 604 4362 et
623 4298 717 4362 Tatii
737 4295 867 4384 legibus
888 4293 978 4380 apud
997 4295 1129 4360 Festum
1150 4316 1176 4363 s.
1198 4316 1232 4360 r.
1251 4295 1394 4377 plorare,
1424 4316 1525 4380 quam
1552 4296 1713 4375 ablativo,
1742 4304 1781 4360 ut
1805 4296 1995 4362 reatmtiad

244 4431 279 4486 et
298 4419 417 4485 entrad
436 4420 472 4480 iu
492 4414 633 4482 Senatus
656 4417 810 4481 consulto
832 4415 875 4481 de
895 4414 1160 4479 Bacchanalibus
1179 4413 1235 4479 rel
1257 4413 1351 4478 altod
1368 4414 1482 4495 marid,
1513 4413 1651 4477 navaled
1674 4412 1831 4497 praedari,
1863 4424 1928 4480 cet.
1951 4416 1992 4478 in

243 4538 401 4603 columna
420 4545 566 4602 rostrata
586 4534 708 4600 Duilii.
747 4535 788 4598 In
806 4545 920 4618 prater
935 4552 1008 4617 pam
1027 4535 1100 4597 sive
1116 4542 1341 4617 praeterquam
1360 4530 1678 4620 subintelligendum
1699 4531 1867 4615 estquod,
1896 4528 1990 4597 uude

243 4656 367 4743 pandet
385 4656 539 4723 rourum
559 4665 714 4719 exactum
735 4653 837 4719 didiat
858 4656 929 4719 sivo
956 4652 1092 4718 dederit.
1135 4652 1366 4718 Medieatiaom
1392 4650 1548 4738 equidem
1579 4651 1871 4734 comparutionem,
1899 4652 1991 4715 sicut

243 4776 417 4859 pondoamo
436 4794 501 4860 pro
529 4773 679 4838 ablativo
704 4772 948 4856 ponderatione,
978 4773 1208 4856 interpretor:
1234 4790 1414 4835 numerum
1434 4769 1510 4837 XX.
1531 4788 1613 4834 vero
1639 4768 1740 4833 aliter
1765 4769 1988 4854 interpretari

243 4897 368 4973 nescio,
396 4894 463 4956 nisi
489 4910 552 4978 pro
581 4894 731 4981 genitivo
759 4893 882 4976 viginti
909 4889 1064 4957 bominem
1092 4889 1124 4955 h.
1147 4908 1177 4955 e.
1199 4891 1448 4973 reciperatorem
1473 4890 1639 4975 positum,
1665 4906 1845 4955 numerum
1871 4884 1986 4953 XXX.
