4244 5722
1046 580 1253 643 -g..

285 759 473 821 accentum
498 766 647 838 gravem
672 742 797 815 literae
820 767 840 816 a
865 744 1090 840 appositum,
1124 745 1193 816 atsi
1218 764 1326 840 saepe
1352 768 1373 814 a
1399 742 1672 840 chalcographia
1695 745 1919 841 neglectuum,
1944 746 2019 822 dis-

287 867 386 959 cerni
410 862 512 935 solet.
551 858 746 932 Umbricas
770 859 906 951 literas,
933 863 1027 935 sicut
1045 860 1193 949 Tuscae,
1218 861 1318 934 unde
1344 861 1526 955 originem
1551 871 1736 957 ceperunt,
1762 864 2019 939 sinistrorsum

287 984 439 1078 scriptas
473 1002 564 1068 esse,
593 987 729 1073 puncto
754 978 801 1051 ad
832 979 1023 1051 diversum
1052 976 1148 1049 latus
1172 978 1339 1072 apposito
1371 975 1581 1073 significavi.
1634 976 1804 1053 Ceterum
1827 980 2020 1057 Umbrica

284 1101 417 1195 scripta
440 1092 628 1185 vocabula,
660 1118 752 1189 quae
776 1095 816 1166 in
841 1094 983 1184 Latinis
1009 1092 1143 1167 tabulis
1168 1103 1305 1190 puncto
1332 1093 1392 1182 (.)
1418 1106 1666 1187 secernuntur,
1692 1098 1797 1191 signo
1823 1096 1893 1190 (r),
1918 1101 2019 1196 quod

283 1214 390 1291 colon
415 1213 490 1286 dici
513 1211 619 1302 solat,
644 1221 829 1306 segregata
853 1222 949 1284 sunt.
990 1211 1092 1293 Quae
1117 1210 1270 1307 quidem
1295 1212 1409 1306 signa,
1433 1212 1573 1303 jamin
1599 1212 1798 1309 archetypo
1820 1238 2019 1311 perperam

284 1358 390 1428 saepe
408 1329 539 1426 posita,
563 1327 783 1424 plerumque
802 1329 955 1419 correxi,
979 1337 1016 1399 et
1032 1330 1098 1402 ubi
1116 1329 1252 1401 omissa
1266 1340 1365 1419 sunt,
1389 1328 1517 1421 adjeci,
1542 1353 1616 1424 quo
1631 1330 1776 1403 facilius
1795 1329 2018 1426 intelligere-

283 1467 342 1526 tur
374 1451 496 1522 futura
529 1444 793 1517 vocabulorum
822 1445 1086 1541 interpretatio.
1136 1444 1331 1517 Exhibebo
1364 1447 1483 1534 enim,
1519 1446 1588 1517 etsi
1612 1469 1687 1518 non
1719 1445 1855 1519 iisdem
1887 1445 2022 1539 literis,

282 1586 404 1645 tamen
427 1563 563 1635 iisdem
588 1562 721 1651 verbis,
758 1563 857 1657 ipsas
881 1562 1095 1658 Dempsteri
1120 1560 1261 1633 tabulas
1285 1586 1371 1634 cum
1395 1562 1505 1633 variis
1530 1560 1688 1635 aliorum
1712 1561 1950 1656 lectionibus,
1981 1575 2019 1637 et

282 1689 405 1785 primo
431 1679 584 1776 quidem
600 1677 762 1769 Latinas,
787 1679 935 1770 deinde,
960 1703 982 1750 a
1006 1678 1205 1751 serioribus
1229 1678 1276 1751 ad
1301 1677 1525 1772 antiquiores
1548 1679 1796 1773 progrediens,
1821 1680 2020 1757 Umbrica

195 1838 205 1850 ·
282 1801 431 1880 Graecis
454 1795 570 1869 literis
584 1795 755 1886 redditas,
781 1797 833 1868 sic
857 1807 901 1869 ut
922 1794 1135 1891 praemissis
1146 1794 1270 1865 versui
1294 1793 1427 1888 cuique
1440 1792 1616 1866 Romanis
1640 1821 1883 1871 numerorum
1900 1799 2020 1895 signis

282 1916 443 2007 tanaus,
475 1913 599 1985 literas
624 1935 650 1986 o
673 1910 711 2006 a?
735 1890 948 2015 b'paginca
982 1912 1118 1984 anticm
1142 1921 1179 1983 et
1201 1911 1371 2006 posticas,
1389 1913 1622 1984 nostratium
1655 1937 1742 1985 vero
1773 1938 2019 1991 numerorum
2035 1956 2045 1971 ·-

283 2038 396 2133 signis
420 2052 546 2107 versuo
568 2029 743 2123 indicem,
776 2030 979 2126 inquibus
1011 2027 1188 2101 vocabula
1213 2049 1377 2122 quaeque
1401 2024 1588 2120 legrmtur:
1624 2029 1666 2101 in
1691 2031 1880 2106 vocabulis
1909 2034 2018 2129 ipsis,

282 2155 368 2227 licet
392 2170 585 2247 perperam
610 2170 718 2241 saepe
748 2147 947 2240 inscriptis,
984 2171 1033 2216 na
1071 2145 1276 2238 configendi
1313 2142 1507 2214 arbitrium
1544 2144 1640 2216 mihi
1676 2157 1877 2220 verteretur
1910 2148 2018 2241 vitio,

162 2356 164 2363 ,
282 2269 379 2345 nihil
404 2263 609 2352 emendavi,
645 2262 719 2333 nisi
743 2261 843 2357 quod
874 2260 1032 2332 aliorum
1065 2259 1221 2333 lectione
1250 2257 1445 2331 nitebatur.
1500 2258 1676 2340 Quartam
1710 2261 1829 2337 solam
1851 2265 2017 2339 nbula„

281 2386 472 2463 reservabo
487 2383 538 2453 in
571 2361 771 2451 secrmdam
807 2377 919 2470 hujus
958 2378 1079 2472 operis
1110 2375 1339 2472 particulam,
1375 2373 1444 2446 ubi
1468 2375 1514 2447 ad
1546 2376 1753 2451 enodandas
1785 2379 1923 2457 multas
1954 2405 2017 2456 ras

281 2501 499 2580 necessarias
524 2507 650 2595 quarta
681 2519 726 2567 ex
750 2493 914 2587 Iguvinis
939 2489 1075 2565 tabulis
1100 2517 1189 2564 cum
1220 2503 1319 2565 sexta
1344 2492 1572 2590 septimaque
1605 2496 1898 2590 comparabitur·
1936 2497 2018 2573 Ad.

282 2626 369 2695 dam
395 2615 619 2690 econtrario
656 2609 913 2705 inscriptiones
949 2609 1089 2706 aliquot
1112 2609 1286 2701 minores,
1322 2609 1363 2680 in
1395 2610 1506 2681 variis
1544 2607 1634 2681 locis
1667 2623 1841 2706 repertas,
1876 2615 2018 2711 partim

281 2736 491 2820 Umbricae,
522 2730 658 2826 partim
683 2727 836 2803 Volscae
861 2726 994 2800 aliasve
1019 2725 1207 2801 Umbricis
1232 2736 1419 2821 cognatas,
1452 2748 1582 2800 omnes
1614 2736 1738 2800 autem
1761 2729 1907 2805 Latinis
1931 2728 2018 2805 lite·

280 2862 332 2932 ris
359 2853 521 2947 scriptas.
