4244 5722
905 615 1155 680 „11-

161 809 223 880 ast,
243 814 342 882 qnam
362 801 403 857 ut
422 787 559 853 definiri
578 784 696 869 possit,
717 775 884 865 quomodo
896 755 1186 864 interpretandum
1207 777 1268 856 sit3
1289 777 1402 842 nescio
1423 785 1547 859 tamen,
1568 790 1905 864 encomparaeeoster

162 915 300 981 Graecis
319 912 433 980 verbis
454 904 498 975 ἐκ
518 898 784 993 παρασκευῆς
802 896 1019 981 respondeat:
1038 905 1213 980 perterreat
1235 898 1654 963 enimiutnrumexsctum
1675 909 1725 965 est
1744 900 1905 967 infinitivi

158 1045 335 1118 pertarum
354 1052 387 1096 r.
405 1032 434 1096 7.
459 1028 530 1090 sivo
547 1030 728 1105 pertesum,
745 1016 1040 1082 undemntilatnm
1058 1025 1238 1099 pertemere..
1261 1012 1447 1097 derivatur,
1470 1034 1548 1082 cum
1569 1014 1699 1083 Graeco
1719 1010 1905 1103 ὑποτέμ-

160 1173 248 1219 vete
269 1145 492 1231 (defraudare)
514 1136 750 1225 comparandi3
770 1139 863 1220 ripas
884 1145 997 1201 autem
1017 1134 1224 1219 adjectivum
1244 1134 1335 1200 sidus
1356 1144 1415 1215 est,
1439 1134 1529 1219 quod
1548 1136 1662 1201 Festus
1683 1134 1818 1222 quidem
1838 1139 1906 1203 col·

162 1270 249 1336 lidus
270 1278 306 1333 et
325 1275 439 1332 acutos
459 1252 715 1344 interpretatur,
748 1256 781 1320 h.
806 1276 834 1322 e.
857 1249 975 1344 συφός,
997 1255 1135 1319 Aeolice
1156 1274 1221 1341 pro
1243 1223 1363 1343 sopori
1393 1251 1484 1318 unde
1503 1253 1667 1345 Sisyphus
1688 1258 1783 1340 qnasi
1807 1248 1906 1324 ded·

162 1407 297 1475 σοφος
325 1398 444 1447 nomen
477 1379 625 1463 accepit,
657 1374 717 1440 sed
745 1395 823 1439 cnm
842 1374 958 1439 serbis
979 1393 1090 1457 perum
1112 1374 1217 1439 dolone
1237 1373 1361 1439 mallem
1381 1376 1462 1440 siom
1482 1373 1516 1441 h.
1538 1395 1566 1439 e.
1587 1376 1774 1458 perdolere
1794 1374 1906 1441 molum

161 1524 250 1572 suem
270 1501 484 1580 conjunctum
495 1496 619 1587 Latino
640 1497 745 1561 scieas
766 1492 963 1580 respondet:
986 1513 1177 1579 quanquam
1199 1493 1278 1556 Osci
1297 1494 1350 1557 illi
1369 1489 1552 1557 secundnm
1563 1492 1705 1559 Paulum
1719 1494 1908 1561 Diaconum

163 1617 343 1699 daliv(i)um
363 1618 459 1700 qnasi
480 1594 672 1684 dallueov
695 1614 843 1694 (stultum
864 1624 964 1698 atque
984 1615 1145 1690 insanum>
1166 1615 1360 1698 opposuisse
1378 1611 1551 1680 ridentur.

323 1735 458 1801 Nomen
478 1739 517 1800 in
536 1735 614 1799 loco
635 1733 792 1798 mutilato
813 1735 904 1797 inter
924 1735 1016 1816 tipus
1036 1742 1072 1797 et
1088 1751 1198 1815 perum
1219 1731 1324 1797 dolone
1343 1732 1468 1797 mollone
1487 1753 1521 1798 r.
1543 1732 1750 1797 dissertum
1772 1737 1908 1800 comma

160 1853 338 1946 legendnm
359 1865 420 1935 est,
442 1850 723 1939 quemadmodum
742 1872 776 1917 r.
800 1855 863 1931 21„
891 1853 928 1914 in
949 1849 1065 1947 dativo
1089 1871 1179 1930 casn,
1212 1842 1275 1916 et'si
1295 1851 1473 1931 ablativus,
1506 1852 1566 1936 qui
1593 1860 1670 1938 post
1696 1853 1750 1918 loc
1775 1868 1910 1937 quoqne

158 1977 194 2038 in
214 1975 283 2037 fine
303 1993 420 2037 versus
441 1975 514 2038 sive
535 1992 572 2037 eo
592 1968 797 2056 supplendus
817 1968 965 2051 videtur,
996 1990 1029 2036 r.
1050 1972 1080 2038 7.
1104 1988 1234 2034 enmono
1260 1972 1406 2054 scriptus
1429 1980 1487 2034 est.
1530 1969 1649 2035 Latini
1679 1971 1770 2034 enim
1791 1966 1909 2035 eodem

156 2089 258 2158 modo
279 2110 453 2157 comesne
472 2108 535 2176 pro
557 2108 714 2155 commone
735 2086 904 2169 dicebant,
925 2107 989 2176 pro
1011 2107 1078 2173 quo
1098 2086 1188 2173 apnd
1210 2088 1313 2151 Oscos
1335 2107 1491 2153 comanam
1511 2091 1673 2155 usitatum
1694 2092 1772 2172 fnit,
1793 2111 1910 2174 quem·

158 2207 338 2276 admodum
368 2212 538 2275 inanimam
569 2228 633 2286 pro
664 2209 802 2273 lemme
832 2205 921 2288 apud
951 2207 1102 2268 Latinos.
1148 2205 1316 2264 Commune
1345 2226 1428 2270 vero
1456 2205 1545 2292 apud
1570 2208 1755 2275 Horatium
1775 2228 1909 2296 quoque

159 2327 196 2394 0.
216 2328 392 2405 11,15.14.
414 2338 479 2403 pro
499 2317 695 2399 republica
715 2325 911 2397 usurpatur,
933 2315 1021 2376 sicut
1040 2311 1080 2377 sd
1102 2306 1214 2378 κοινόν
1235 2312 1323 2397 apud
1338 2314 1502 2380 Graecos=
1524 2323 1616 2382 unde
1633 2329 1671 2382 tn
1691 2326 1814 2389 Latina
1834 2328 1909 2415 lege

161 2466 196 2508 v.
217 2446 248 2508 8.
271 2435 480 2500 condamnari
496 2430 609 2512 popel.
634 2429 774 2514 legitur.
818 2426 980 2490 Ceterum
1002 2429 1139 2492 comem
1159 2425 1292 2491 dativus
1315 2447 1385 2491 esse
1406 2439 1515 2513 potest
1534 2450 1556 2494 a
1576 2435 1787 2503 nominativo
1807 2458 1909 2509 como·

157 2572 241 2633 mn,
273 2553 362 2615 sicut
387 2549 529 2614 amoreis
554 2545 724 2634 genitivus
752 2552 804 2608 est
823 2563 844 2606 a
864 2545 1077 2609 nominativo
1097 2557 1238 2610 senatus.
1283 2547 1437 2612 Literam
1464 2568 1493 2614 m
1514 2569 1582 2615 non
1603 2555 1805 2642 geminatam
1826 2579 1909 2646 esse,

159 2691 228 2736 non
247 2670 354 2757 magis
374 2670 494 2747 miror,
518 2682 618 2750 quem
640 2661 730 2749 quod
749 2660 884 2726 mallem·
897 2663 1063 2749 scriptum
1084 2665 1185 2728 sitin
1207 2664 1334 2748 syllaba
1355 2678 1531 2754 correpta:
1553 2672 1705 2740 vocalem
1726 2677 1741 2743 i
1759 2678 1796 2740 in
1816 2682 1910 2765 sipos

158 2784 410 2875 producendam
430 2803 513 2865 esse,
535 2784 707 2848 Plautinus
726 2801 845 2847 versus
865 2778 955 2864 apud
975 2783 1106 2846 Festum
1128 2780 1226 2846 docet
1245 2802 1272 2845 s.
1292 2804 1326 2846 r.
1347 2783 1516 2865 persibuss

406 2901 506 2967 Nihil
526 2894 762 2967 deconcilidris
784 2895 889 2975 eidus,
908 2900 975 2957 nisi
995 2903 1054 2979 qni
1072 2896 1223 2979 persicus
1242 2902 1348 2985 sapisr

104 3074 109 3079 .
158 3024 249 3090 unde
268 3041 389 3089 versus
407 3019 587 3085 Saturnius
613 3015 750 3092 Naevii,
782 3032 803 3077 a
823 3010 964 3078 Godoir.
984 3013 1182 3080 Hermanno
1202 3017 1239 3079 in
1260 3016 1435 3087 elementis
1457 3019 1631 3092 doctrinae
1650 3033 1812 3099 menresa
1830 3056 1905 3126 pag.

158 3146 222 3212 635
242 3160 314 3225 sqq.
335 3138 520 3224 neglectus,
540 3133 591 3195 sic
611 3140 662 3195 est
680 3128 924 3194 restituendus:

407 3250 528 3335 thui
548 3249 655 3313 luerit
673 3246 834 3331 persides,
857 3248 1046 3337 eripiendus)
1068 3251 1205 3334 eid(em)
1226 3263 1276 3319 est
1296 3255 1398 3322 rttio.

159 3377 226 3440 Pro
246 3375 379 3440 risus.
398 3372 452 3437 22
475 3370 577 3434 etiam
600 3370 702 3435 risose
736 3369 903 3453 scriptum
930 3379 992 3451 est,
1023 3369 1304 3454 quemadmodum
1331 3373 1457 3440 Graeci
1483 3373 1593 3468 σφόν
1620 3402 1684 3469 pro
1704 3378 1762 3454 tls
1788 3390 1906 3476 (eom)

160 3493 335 3571 dixerunt3
366 3506 432 3574 pro
452 3506 491 3553 eo
510 3496 629 3551 contra
649 3489 704 3553 icc
725 3497 899 3553 exaratum
919 3488 1058 3575 legitur,
1085 3488 1365 3574 quemadmodum
1385 3497 1462 3561 e‘oeec
1487 3518 1520 3564 v.
1544 3502 1594 3566 12.
1609 3502 1659 3568 1⁷.
1672 3507 1723 3572 ²6.
1745 3526 1810 3591 pro
1830 3530 1908 3588 eum,

160 3609 250 3677 unde
270 3610 383 3674 nescio
405 3627 448 3670 an
468 3607 537 3673 idio
557 3625 691 3690 qnoque
711 3608 750 3669 in
768 3607 835 3670 fine
855 3611 1014 3675 versus&
1036 3608 1100 3685 (sic
1119 3611 1209 3673 enim
1230 3632 1262 3677 r.
1279 3615 1331 3680 30.
1355 3614 1530 3696 scribitur)
1550 3638 1615 3704 pro
1626 3621 1729 3687 id'sit
1747 3630 1906 3711 positum.

88 3788 90 3792 ,
159 3728 371 3815 Praepositio
396 3745 457 3806 per
475 3744 559 3791 voro
581 3728 618 3790 in
636 3744 746 3809 paron
767 3723 943 3807 dilatatur,
972 3725 1251 3811 quemadmodum
1271 3730 1388 3795 Latini
1407 3744 1540 3800 veteres
1559 3739 1666 3805 sedum
1687 3758 1752 3826 pro
1772 3746 1832 3811 sed
1849 3748 1908 3814 vel

160 3849 307 3915 donicum
326 3863 389 3932 pro
411 3844 513 3909 doeec
540 3845 713 3928 scripsisse
742 3842 912 3910 dicuntur.
956 3845 1175 3911 Accusatirus
1194 3849 1232 3911 in
1252 3868 1301 3942 om
1320 3854 1434 3936 potins
1455 3874 1555 3938 quam
1574 3859 1613 3922 in
1631 3877 1683 3924 orn
1704 3862 1799 3929 exire
1819 3866 1908 3932 sols-

135 4004 137 4009 π
159 3968 228 4032 bat.
271 3963 430 4031 Ceterum
460 3982 524 4050 pro
555 3964 648 4045 sipue
675 3966 813 4030 comessi
837 3983 947 4046 perum
977 3964 1082 4031 dolone
1107 3967 1233 4033 mattam
1252 3972 1332 4035 dom
1352 3992 1386 4036 v.
1411 3976 1462 4040 ll.
1484 3974 1573 4038 nihil
1592 3977 1660 4043 nisi
1680 3980 1782 4048 dolud
1799 3986 1909 4052 uelud

161 4085 298 4174 legitur,
320 4079 600 4166 quemadmodum
619 4083 721 4150 dolud
739 4083 862 4149 malind
880 4106 914 4152 r.
935 4085 989 4153 20.
1013 4095 1100 4150 extr.
1122 4104 1187 4172 pro
1209 4087 1328 4172 (tipus)
1346 4109 1457 4171 perenn
1481 4093 1586 4161 ἀοῖοηι
1604 4097 1729 4165 mallem
1748 4118 1781 4166 v.
1804 4106 1846 4171 14
1855 4122 1904 4190 sq.

150 4203 202 4309 '21
222 4224 273 4288 sq.
315 4201 373 4266 Sic
392 4203 430 4264 in
450 4201 525 4291 leq'e
544 4202 677 4269 Numae
698 4203 860 4290 Pompilii
881 4204 972 4292 regis
999 4202 1090 4290 apud
1114 4204 1256 4271 Paulum
1279 4207 1376 4273 Diae.
1404 4231 1431 4275 s.
1452 4234 1485 4280 v.
1506 4216 1696 4297 porriciffli)
1717 4233 1907 4303 quaestores

158 4319 248 4385 nihil
267 4320 336 4383 nisi
355 4319 433 4385 dolo
452 4322 556 4387 scieas
576 4324 742 4406 scriptum
762 4333 812 4388 est
832 4341 896 4408 pro
918 4326 1024 4390 sciens
1044 4322 1120 4389 dolo
1140 4325 1226 4390 molo
1242 4329 1278 4390 in
1304 4326 1450 4394 Tuderti
1469 4332 1690 4420 inscriptione
1709 4358 1812 4426 supra
1832 4344 1906 4409 lau·

158 4436 238 4504 data
256 4437 314 4503 vel
333 4439 372 4501 in
391 4438 516 4502 Latina
534 4439 635 4520 hujus
656 4440 790 4505 tabulae
810 4441 885 4529 legs
905 4464 938 4509 r.
960 4446 992 4509 6.
1003 4452 1039 4507 et
1049 4444 1100 4509 ltl.
1144 4443 1282 4526 Puncta,
1304 4448 1426 4531 quihus
1445 4452 1610 4517 vocabula
1630 4457 1764 4544 singula
1784 4455 1905 4527 tour.

158 4558 221 4646 gni
239 4556 361 4637 solent,
383 4574 451 4619 non
472 4557 581 4623 minue
601 4578 780 4646 perperam
800 4562 924 4625 omissa
944 4580 1014 4626 csse
1034 4560 1204 4629 interdum
1224 4586 1324 4650 qnam
1344 4571 1463 4654 posita,
1485 4570 1651 4640 ablativus
1668 4578 1787 4642 mod
1804 4577 1905 4648 docet

157 4695 193 4739 v.
213 4676 247 4743 6.
267 4674 320 4738 bis
340 4675 470 4760 positus
496 4685 531 4740 et
558 4677 708 4742 fortassis
740 4679 843 4743 etiam
870 4681 908 4742 in
935 4680 1045 4745 literis
1073 4700 1123 4747 am
1142 4704 1176 4749 v.
1198 4687 1229 4752 3.
1253 4697 1339 4754 extr.
1365 4688 1579 4775 supplendus.
1620 4692 1714 4757 Hinc
1732 4714 1800 4780 pan
1816 4700 1905 4783 pleis

158 4792 333 4873 morderis
353 4793 464 4859 tribus
484 4795 624 4859 vocibus
644 4795 820 4884 legendnm
841 4806 904 4877 est,
934 4798 993 4863 sed
1014 4803 1094 4885 qnia
1115 4805 1223 4867 totius
1240 4808 1424 4871 sententias
1444 4818 1620 4876 contextus
1638 4814 1829 4901 ignoratur,
1850 4819 1904 4882 in·

103 4972 111 4982 ,
160 4920 292 4979 certmn
311 4922 436 4992 manet,
464 4931 508 4976 an
527 4913 702 4981 subreleia
723 4935 789 5001 pro
808 4917 980 4987 embrotee'e
1001 4923 1166 5008 scriptum
1185 4931 1287 5007 atquo
1307 4942 1399 5012 quarn
1420 4931 1514 5012 cujus
1533 4933 1683 5016 imperati
1702 4934 1903 5003 vertendum

1439 5095 1488 5160 2*
