<?xml version="1.0" encoding="UTF-8"?>
<!DOCTYPE html PUBLIC "-//W3C//DTD XHTML 1.0 Transitional//EN"
    "http://www.w3.org/TR/xhtml1/DTD/xhtml1-transitional.dtd">
<html xmlns="http://www.w3.org/1999/xhtml" xml:lang="en" lang="en">
 <head>
  <title>
</title>
<meta http-equiv="Content-Type" content="text/html;charset=utf-8" />
  <meta name='ocr-system' content='tesseract 3.04.00' />
  <meta name='ocr-capabilities' content='ocr_page ocr_carea ocr_par ocr_line ocrx_word'/>
</head>
<body>
  <div class='ocr_page' id='page_1' title='image "./rudimentalingua00grotgoog_0112.png"; bbox 0 0 4244 5722; ppageno 0'>
   <div class='ocr_carea' id='block_1_1' title="bbox 958 601 1165 665">
    <p class='ocr_par' dir='ltr' id='par_1_1' title="bbox 958 601 1165 665">
     <span class='ocr_line' id='line_1_1' title="bbox 958 601 1165 665; baseline 0.005 -18"><span class='ocrx_word' id='word_1_1' title='bbox 958 601 1165 665; x_wconf 68' lang='lat'><strong>..25-</strong></span> 
     </span>
    </p>
   </div>
   <div class='ocr_carea' id='block_1_2' title="bbox 193 763 1929 2026">
    <p class='ocr_par' dir='ltr' id='par_1_2' title="bbox 193 763 1929 2026">
     <span class='ocr_line' id='line_1_2' title="bbox 195 763 1928 857; baseline -0.002 -24"><span class='ocrx_word' id='word_1_2' title='bbox 195 770 257 848; x_wconf 90' lang='lat' dir='ltr'><strong>IV,</strong></span> <span class='ocrx_word' id='word_1_3' title='bbox 276 769 309 850; x_wconf 94' lang='lat' dir='ltr'><strong>b,</strong></span> <span class='ocrx_word' id='word_1_4' title='bbox 327 773 377 835; x_wconf 89' lang='grc'><strong>26.</strong></span> <span class='ocrx_word' id='word_1_5' title='bbox 408 767 464 831; x_wconf 84' lang='lat' dir='ltr'><strong>vel</strong></span> <span class='ocrx_word' id='word_1_6' title='bbox 492 766 649 857; x_wconf 75' lang='grc' dir='ltr'><strong><em>περαια</em></strong></span> <span class='ocrx_word' id='word_1_7' title='bbox 678 765 806 856; x_wconf 64' lang='lat' dir='ltr'><strong>oddus</strong></span> <span class='ocrx_word' id='word_1_8' title='bbox 833 765 895 845; x_wconf 95' lang='lat' dir='ltr'><strong>IV,</strong></span> <span class='ocrx_word' id='word_1_9' title='bbox 914 787 944 845; x_wconf 82' lang='lat' dir='ltr'><strong>a,</strong></span> <span class='ocrx_word' id='word_1_10' title='bbox 961 769 1012 833; x_wconf 86' lang='grc'><strong>28.</strong></span> <span class='ocrx_word' id='word_1_11' title='bbox 1030 769 1081 833; x_wconf 87' lang='grc'><strong>32.</strong></span> <span class='ocrx_word' id='word_1_12' title='bbox 1100 768 1165 843; x_wconf 77' lang='lat'><strong>44,</strong></span> <span class='ocrx_word' id='word_1_13' title='bbox 1195 783 1278 848; x_wconf 86' lang='lat' dir='ltr'><strong>quae</strong></span> <span class='ocrx_word' id='word_1_14' title='bbox 1305 763 1439 849; x_wconf 89' lang='lat' dir='ltr'><strong>quidem</strong></span> <span class='ocrx_word' id='word_1_15' title='bbox 1467 775 1642 850; x_wconf 84' lang='lat' dir='ltr'><strong>praecepta</strong></span> <span class='ocrx_word' id='word_1_16' title='bbox 1670 766 1785 849; x_wconf 86' lang='lat' dir='ltr'><strong>quinta</strong></span> <span class='ocrx_word' id='word_1_17' title='bbox 1815 765 1928 829; x_wconf 86' lang='lat' dir='ltr'><strong>tabula</strong></span> 
     </span>
     <span class='ocr_line' id='line_1_3' title="bbox 194 882 1927 975; baseline -0.002 -22"><span class='ocrx_word' id='word_1_18' title='bbox 194 889 238 968; x_wconf 88' lang='lat' dir='ltr'><strong>V,</strong></span> <span class='ocrx_word' id='word_1_19' title='bbox 255 909 286 965; x_wconf 87' lang='lat' dir='ltr'><strong>a,</strong></span> <span class='ocrx_word' id='word_1_20' title='bbox 304 891 356 954; x_wconf 88' lang='grc'><strong>32.</strong></span> <span class='ocrx_word' id='word_1_21' title='bbox 380 888 492 948; x_wconf 75' lang='lat' dir='ltr'><strong>verbis</strong></span> <span class='ocrx_word' id='word_1_22' title='bbox 514 908 608 951; x_wconf 77' lang='lat' dir='ltr'><strong>oona</strong></span> <span class='ocrx_word' id='word_1_23' title='bbox 629 885 761 975; x_wconf 71' lang='grc' dir='ltr'><strong><em>πυστρα</em></strong></span> <span class='ocrx_word' id='word_1_24' title='bbox 782 882 909 973; x_wconf 58' lang='lat' dir='ltr'><strong>nepote</strong></span> <span class='ocrx_word' id='word_1_25' title='bbox 933 887 969 945; x_wconf 91' lang='lat' dir='ltr'><strong>in</strong></span> <span class='ocrx_word' id='word_1_26' title='bbox 989 905 1093 946; x_wconf 89' lang='lat' dir='ltr'><strong>unum</strong></span> <span class='ocrx_word' id='word_1_27' title='bbox 1116 885 1299 971; x_wconf 81' lang='lat' dir='ltr'><strong>conjungit,</strong></span> <span class='ocrx_word' id='word_1_28' title='bbox 1326 883 1413 946; x_wconf 88' lang='lat' dir='ltr'><strong>unde</strong></span> <span class='ocrx_word' id='word_1_29' title='bbox 1434 887 1535 946; x_wconf 86' lang='lat' dir='ltr'><strong>etiam</strong></span> <span class='ocrx_word' id='word_1_30' title='bbox 1555 883 1617 963; x_wconf 91' lang='lat' dir='ltr'><strong>VI,</strong></span> <span class='ocrx_word' id='word_1_31' title='bbox 1635 905 1665 962; x_wconf 89' lang='lat' dir='ltr'><strong>a,</strong></span> <span class='ocrx_word' id='word_1_32' title='bbox 1681 887 1712 950; x_wconf 82' lang='lat'><strong>5.</strong></span> <span class='ocrx_word' id='word_1_33' title='bbox 1736 905 1811 969; x_wconf 91' lang='lat' dir='ltr'><strong>ape</strong></span> <span class='ocrx_word' id='word_1_34' title='bbox 1831 904 1927 971; x_wconf 92' lang='lat' dir='ltr'><strong>sopo</strong></span> 
     </span>
     <span class='ocr_line' id='line_1_4' title="bbox 194 1003 1928 1090; baseline -0.002 -21"><span class='ocrx_word' id='word_1_35' title='bbox 194 1017 339 1090; x_wconf 81' lang='lat' dir='ltr'><strong>poetro</strong></span> <span class='ocrx_word' id='word_1_36' title='bbox 360 1015 612 1090; x_wconf 85' lang='lat' dir='ltr'><strong>pepersoust</strong></span> <span class='ocrx_word' id='word_1_37' title='bbox 632 1015 665 1066; x_wconf 90' lang='lat' dir='ltr'><strong>et</strong></span> <span class='ocrx_word' id='word_1_38' title='bbox 686 1005 851 1082; x_wconf 83' lang='lat' dir='ltr'><strong>Vll,a,8.</strong></span> <span class='ocrx_word' id='word_1_39' title='bbox 875 1024 948 1087; x_wconf 87' lang='lat' dir='ltr'><strong>ape</strong></span> <span class='ocrx_word' id='word_1_40' title='bbox 968 1023 1068 1086; x_wconf 86' lang='lat' dir='ltr'><strong>supo</strong></span> <span class='ocrx_word' id='word_1_41' title='bbox 1094 1013 1242 1086; x_wconf 93' lang='lat' dir='ltr'><strong>postro</strong></span> <span class='ocrx_word' id='word_1_42' title='bbox 1263 1023 1461 1087; x_wconf 82' lang='lat' dir='ltr'><strong>pepescus</strong></span> <span class='ocrx_word' id='word_1_43' title='bbox 1483 1004 1617 1090; x_wconf 76' lang='lat' dir='ltr'><strong>legitur.</strong></span> <span class='ocrx_word' id='word_1_44' title='bbox 1662 1004 1710 1063; x_wconf 83' lang='lat' dir='ltr'><strong>Ex</strong></span> <span class='ocrx_word' id='word_1_45' title='bbox 1730 1003 1782 1065; x_wconf 88' lang='lat' dir='ltr'><strong>his</strong></span> <span class='ocrx_word' id='word_1_46' title='bbox 1803 1004 1928 1068; x_wconf 87' lang='lat' dir='ltr'><strong>intelli·</strong></span> 
     </span>
     <span class='ocr_line' id='line_1_5' title="bbox 194 1118 1927 1211; baseline -0.001 -25"><span class='ocrx_word' id='word_1_47' title='bbox 194 1128 306 1211; x_wconf 77' lang='lat' dir='ltr'><strong>gitur,</strong></span> <span class='ocrx_word' id='word_1_48' title='bbox 321 1121 475 1210; x_wconf 72' lang='grc' dir='ltr'><strong><em>περαια</em></strong></span> <span class='ocrx_word' id='word_1_49' title='bbox 499 1143 569 1184; x_wconf 87' lang='lat' dir='ltr'><strong>esse</strong></span> <span class='ocrx_word' id='word_1_50' title='bbox 590 1125 797 1210; x_wconf 80' lang='lat' dir='ltr'>purgamina,</span> <span class='ocrx_word' id='word_1_51' title='bbox 820 1143 840 1183; x_wconf 91' lang='lat' dir='ltr'><strong>a</strong></span> <span class='ocrx_word' id='word_1_52' title='bbox 860 1141 1009 1206; x_wconf 88' lang='lat' dir='ltr'><strong>perseo</strong></span> <span class='ocrx_word' id='word_1_53' title='bbox 1032 1120 1064 1181; x_wconf 91' lang='lat' dir='ltr'><strong>h.</strong></span> <span class='ocrx_word' id='word_1_54' title='bbox 1089 1142 1117 1184; x_wconf 84' lang='lat' dir='ltr'><strong>e.</strong></span> <span class='ocrx_word' id='word_1_55' title='bbox 1140 1142 1273 1209; x_wconf 80' lang='lat' dir='ltr'><strong>purgo</strong></span> <span class='ocrx_word' id='word_1_56' title='bbox 1297 1120 1456 1199; x_wconf 88' lang='lat' dir='ltr'><strong>derivata,</strong></span> <span class='ocrx_word' id='word_1_57' title='bbox 1478 1120 1565 1183; x_wconf 89' lang='lat' dir='ltr'><strong>unde</strong></span> <span class='ocrx_word' id='word_1_58' title='bbox 1587 1118 1714 1208; x_wconf 68' lang='grc' dir='ltr'><strong>περστθ</strong></span> <span class='ocrx_word' id='word_1_59' title='bbox 1735 1133 1927 1209; x_wconf 82' lang='lat' dir='ltr'><strong>purgato,</strong></span> 
     </span>
     <span class='ocr_line' id='line_1_6' title="bbox 193 1238 1929 1329; baseline 0.001 -24"><span class='ocrx_word' id='word_1_60' title='bbox 193 1263 269 1327; x_wconf 90' lang='lat' dir='ltr'><strong>ape</strong></span> <span class='ocrx_word' id='word_1_61' title='bbox 291 1262 488 1327; x_wconf 89' lang='lat' dir='ltr'><strong>pepescus</strong></span> <span class='ocrx_word' id='word_1_62' title='bbox 509 1262 534 1300; x_wconf 88' lang='lat' dir='ltr'><strong>s.</strong></span> <span class='ocrx_word' id='word_1_63' title='bbox 559 1252 810 1325; x_wconf 84' lang='lat' dir='ltr'><strong>peperscust</strong></span> <span class='ocrx_word' id='word_1_64' title='bbox 831 1251 942 1304; x_wconf 88' lang='lat' dir='ltr'><strong>autem</strong></span> <span class='ocrx_word' id='word_1_65' title='bbox 963 1238 1125 1322; x_wconf 89' lang='lat' dir='ltr'><strong>quaudo</strong></span> <span class='ocrx_word' id='word_1_66' title='bbox 1147 1243 1396 1327; x_wconf 81' lang='lat' dir='ltr'>purgaveris</span> <span class='ocrx_word' id='word_1_67' title='bbox 1418 1241 1590 1327; x_wconf 75' lang='lat' dir='ltr'><strong>significat.</strong></span> <span class='ocrx_word' id='word_1_68' title='bbox 1636 1239 1761 1321; x_wconf 77' lang='lat' dir='ltr'><strong>Quodsi</strong></span> <span class='ocrx_word' id='word_1_69' title='bbox 1773 1245 1929 1329; x_wconf 80' lang='lat' dir='ltr'><strong>purgatio</strong></span> 
     </span>
     <span class='ocr_line' id='line_1_7' title="bbox 194 1355 1929 1446; baseline 0.001 -25"><span class='ocrx_word' id='word_1_70' title='bbox 194 1381 289 1445; x_wconf 90' lang='lat' dir='ltr'><strong>sopo</strong></span> <span class='ocrx_word' id='word_1_71' title='bbox 312 1371 457 1444; x_wconf 89' lang='lat' dir='ltr'><strong>postro</strong></span> <span class='ocrx_word' id='word_1_72' title='bbox 478 1379 503 1418; x_wconf 91' lang='lat' dir='ltr'><strong>s.</strong></span> <span class='ocrx_word' id='word_1_73' title='bbox 529 1380 622 1422; x_wconf 76' lang='lat' dir='ltr'><strong>nana</strong></span> <span class='ocrx_word' id='word_1_74' title='bbox 644 1357 778 1446; x_wconf 72' lang='grc' dir='ltr'><em>πεστρα</em></span> <span class='ocrx_word' id='word_1_75' title='bbox 799 1360 847 1435; x_wconf 84' lang='lat' dir='ltr'><strong>fit,</strong></span> <span class='ocrx_word' id='word_1_76' title='bbox 870 1361 995 1419; x_wconf 91' lang='lat' dir='ltr'><strong>mirum</strong></span> <span class='ocrx_word' id='word_1_77' title='bbox 1018 1378 1085 1419; x_wconf 88' lang='lat' dir='ltr'><strong>esse</strong></span> <span class='ocrx_word' id='word_1_78' title='bbox 1107 1362 1232 1441; x_wconf 87' lang='lat' dir='ltr'><strong>nequit,</strong></span> <span class='ocrx_word' id='word_1_79' title='bbox 1261 1355 1350 1440; x_wconf 89' lang='lat' dir='ltr'><strong>quod</strong></span> <span class='ocrx_word' id='word_1_80' title='bbox 1370 1380 1432 1442; x_wconf 94' lang='lat' dir='ltr'><strong>pro</strong></span> <span class='ocrx_word' id='word_1_81' title='bbox 1462 1378 1554 1422; x_wconf 73' lang='lat' dir='ltr'><strong>ousta</strong></span> <span class='ocrx_word' id='word_1_82' title='bbox 1577 1379 1685 1440; x_wconf 68' lang='grc' dir='ltr'><em>σθμτθ</em></span> <span class='ocrx_word' id='word_1_83' title='bbox 1704 1361 1740 1419; x_wconf 92' lang='lat' dir='ltr'><strong>in</strong></span> <span class='ocrx_word' id='word_1_84' title='bbox 1768 1371 1859 1422; x_wconf 85' lang='lat' dir='ltr'><strong>sexta</strong></span> <span class='ocrx_word' id='word_1_85' title='bbox 1879 1372 1929 1423; x_wconf 87' lang='lat' dir='ltr'><strong>ta·</strong></span> 
     </span>
     <span class='ocr_line' id='line_1_8' title="bbox 193 1476 1929 1565; baseline 0 -25"><span class='ocrx_word' id='word_1_86' title='bbox 193 1479 272 1540; x_wconf 89' lang='lat' dir='ltr'><strong>bula</strong></span> <span class='ocrx_word' id='word_1_87' title='bbox 293 1498 440 1562; x_wconf 83' lang='lat' dir='ltr'><strong>persae</strong></span> <span class='ocrx_word' id='word_1_88' title='bbox 462 1479 551 1538; x_wconf 83' lang='lat' dir='ltr'><strong>fetu</strong></span> <span class='ocrx_word' id='word_1_89' title='bbox 572 1477 719 1565; x_wconf 82' lang='lat' dir='ltr'><strong>legatur:</strong></span> <span class='ocrx_word' id='word_1_90' title='bbox 752 1497 828 1537; x_wconf 89' lang='lat' dir='ltr'><strong>nam</strong></span> <span class='ocrx_word' id='word_1_91' title='bbox 850 1497 943 1541; x_wconf 78' lang='lat' dir='ltr'><strong>nano</strong></span> <span class='ocrx_word' id='word_1_92' title='bbox 965 1497 1074 1557; x_wconf 69' lang='lat' dir='ltr'><strong>eante</strong></span> <span class='ocrx_word' id='word_1_93' title='bbox 1102 1477 1186 1539; x_wconf 90' lang='lat' dir='ltr'><strong>mihi</strong></span> <span class='ocrx_word' id='word_1_94' title='bbox 1211 1478 1380 1539; x_wconf 83' lang='lat' dir='ltr'><strong>sulfure</strong></span> <span class='ocrx_word' id='word_1_95' title='bbox 1408 1476 1620 1538; x_wconf 82' lang='lat' dir='ltr'><strong>sulfurato</strong></span> <span class='ocrx_word' id='word_1_96' title='bbox 1642 1476 1929 1562; x_wconf 88' lang='lat' dir='ltr'><strong>interpretandum</strong></span> 
     </span>
     <span class='ocr_line' id='line_1_9' title="bbox 194 1592 1928 1683; baseline 0.001 -25"><span class='ocrx_word' id='word_1_97' title='bbox 194 1616 262 1658; x_wconf 85' lang='lat' dir='ltr'><strong>esse</strong></span> <span class='ocrx_word' id='word_1_98' title='bbox 283 1594 427 1674; x_wconf 77' lang='lat' dir='ltr'><strong>ridetur,</strong></span> <span class='ocrx_word' id='word_1_99' title='bbox 451 1593 729 1679; x_wconf 84' lang='lat' dir='ltr'><strong>quemadmodum</strong></span> <span class='ocrx_word' id='word_1_100' title='bbox 751 1615 857 1659; x_wconf 74' lang='lat' dir='ltr'><strong>neore</strong></span> <span class='ocrx_word' id='word_1_101' title='bbox 879 1616 904 1655; x_wconf 86' lang='lat' dir='ltr'><strong>s.</strong></span> <span class='ocrx_word' id='word_1_102' title='bbox 928 1593 1073 1683; x_wconf 67' lang='grc' dir='ltr'><strong>πθστρα,</strong></span> <span class='ocrx_word' id='word_1_103' title='bbox 1097 1615 1198 1676; x_wconf 90' lang='lat' dir='ltr'><strong>quum</strong></span> <span class='ocrx_word' id='word_1_104' title='bbox 1220 1615 1335 1659; x_wconf 78' lang='grc' dir='ltr'><strong><em>ασιανε</em></strong></span> <span class='ocrx_word' id='word_1_105' title='bbox 1351 1593 1493 1669; x_wconf 89' lang='lat' dir='ltr'><strong>dicatur,</strong></span> <span class='ocrx_word' id='word_1_106' title='bbox 1516 1592 1665 1655; x_wconf 88' lang='lat' dir='ltr'><strong>bitumen</strong></span> <span class='ocrx_word' id='word_1_107' title='bbox 1686 1616 1726 1657; x_wconf 82' lang='lat' dir='ltr'><strong>ex</strong></span> <span class='ocrx_word' id='word_1_108' title='bbox 1736 1595 1815 1659; x_wconf 82' lang='lat' dir='ltr'><strong>Asia</strong></span> <span class='ocrx_word' id='word_1_109' title='bbox 1836 1601 1928 1680; x_wconf 88' lang='lat' dir='ltr'><strong>quasi</strong></span> 
     </span>
     <span class='ocr_line' id='line_1_10' title="bbox 194 1711 1929 1801; baseline 0.002 -25"><span class='ocrx_word' id='word_1_110' title='bbox 194 1713 353 1800; x_wconf 81' lang='grc' dir='ltr'><em>φωστῆρα</em></span> <span class='ocrx_word' id='word_1_111' title='bbox 386 1735 411 1773; x_wconf 89' lang='lat' dir='ltr'><strong>s.</strong></span> <span class='ocrx_word' id='word_1_112' title='bbox 447 1713 601 1800; x_wconf 74' lang='grc' dir='ltr'><em>φῶστρον</em></span> <span class='ocrx_word' id='word_1_113' title='bbox 633 1712 791 1801; x_wconf 84' lang='lat' dir='ltr'><strong>designat.</strong></span> <span class='ocrx_word' id='word_1_114' title='bbox 843 1711 989 1775; x_wconf 86' lang='lat' dir='ltr'><strong>Sulfuris</strong></span> <span class='ocrx_word' id='word_1_115' title='bbox 1021 1723 1055 1774; x_wconf 93' lang='lat' dir='ltr'><strong>et</strong></span> <span class='ocrx_word' id='word_1_116' title='bbox 1082 1714 1254 1775; x_wconf 78' lang='lat' dir='ltr'><strong>bituminis</strong></span> <span class='ocrx_word' id='word_1_117' title='bbox 1285 1734 1383 1773; x_wconf 89' lang='lat' dir='ltr'><strong>usum</strong></span> <span class='ocrx_word' id='word_1_118' title='bbox 1408 1714 1444 1772; x_wconf 92' lang='lat' dir='ltr'><strong>in</strong></span> <span class='ocrx_word' id='word_1_119' title='bbox 1469 1713 1588 1790; x_wconf 89' lang='lat' dir='ltr'><strong>sacris,</strong></span> <span class='ocrx_word' id='word_1_120' title='bbox 1622 1733 1703 1794; x_wconf 89' lang='lat' dir='ltr'><strong>quae</strong></span> <span class='ocrx_word' id='word_1_121' title='bbox 1732 1719 1929 1799; x_wconf 77' lang='lat' dir='ltr'>expiationis</span> 
     </span>
     <span class='ocr_line' id='line_1_11' title="bbox 198 1815 1924 1918; baseline 0.002 -26"><span class='ocrx_word' id='word_1_122' title='bbox 198 1815 295 1892; x_wconf 79' lang='lat' dir='ltr'><strong>causa</strong></span> <span class='ocrx_word' id='word_1_123' title='bbox 315 1831 447 1910; x_wconf 84' lang='lat' dir='ltr'><strong>fiebant,</strong></span> <span class='ocrx_word' id='word_1_124' title='bbox 469 1835 559 1894; x_wconf 90' lang='lat' dir='ltr'><strong>inter</strong></span> <span class='ocrx_word' id='word_1_125' title='bbox 580 1833 664 1894; x_wconf 91' lang='lat' dir='ltr'><strong>alios</strong></span> <span class='ocrx_word' id='word_1_126' title='bbox 685 1833 864 1915; x_wconf 88' lang='lat' dir='ltr'><strong>praecipue</strong></span> <span class='ocrx_word' id='word_1_127' title='bbox 886 1829 983 1893; x_wconf 90' lang='lat' dir='ltr'><strong>docet</strong></span> <span class='ocrx_word' id='word_1_128' title='bbox 1005 1829 1205 1893; x_wconf 75' lang='lat' dir='ltr'><strong>Claudianus</strong></span> <span class='ocrx_word' id='word_1_129' title='bbox 1227 1827 1275 1891; x_wconf 92' lang='lat' dir='ltr'><strong>de</strong></span> <span class='ocrx_word' id='word_1_130' title='bbox 1295 1829 1360 1890; x_wconf 86' lang='lat' dir='ltr'><strong>Vl.</strong></span> <span class='ocrx_word' id='word_1_131' title='bbox 1390 1826 1507 1890; x_wconf 87' lang='lat' dir='ltr'><strong>Cous.</strong></span> <span class='ocrx_word' id='word_1_132' title='bbox 1531 1830 1688 1892; x_wconf 89' lang='lat' dir='ltr'><strong>Honor.</strong></span> <span class='ocrx_word' id='word_1_133' title='bbox 1717 1854 1750 1895; x_wconf 83' lang='lat' dir='ltr'><strong>v.</strong></span> <span class='ocrx_word' id='word_1_134' title='bbox 1773 1835 1834 1900; x_wconf 80' lang='lat'><strong>324</strong></span> <span class='ocrx_word' id='word_1_135' title='bbox 1855 1855 1924 1918; x_wconf 86' lang='lat' dir='ltr'><strong>sqq.</strong></span> 
     </span>
     <span class='ocr_line' id='line_1_12' title="bbox 604 1944 1465 2026; baseline -0.003 -15"><span class='ocrx_word' id='word_1_136' title='bbox 604 1949 794 2011; x_wconf 76' lang='lat' dir='ltr'><strong>Lustralem</strong></span> <span class='ocrx_word' id='word_1_137' title='bbox 815 1951 863 2010; x_wconf 86' lang='lat' dir='ltr'><strong>sic</strong></span> <span class='ocrx_word' id='word_1_138' title='bbox 884 1951 950 2010; x_wconf 88' lang='lat' dir='ltr'><strong>rite</strong></span> <span class='ocrx_word' id='word_1_139' title='bbox 971 1950 1088 2026; x_wconf 84' lang='lat' dir='ltr'><strong>facem,</strong></span> <span class='ocrx_word' id='word_1_140' title='bbox 1111 1949 1166 2009; x_wconf 91' lang='lat' dir='ltr'><strong>cui</strong></span> <span class='ocrx_word' id='word_1_141' title='bbox 1188 1949 1301 2010; x_wconf 87' lang='lat' dir='ltr'><strong>lumen</strong></span> <span class='ocrx_word' id='word_1_142' title='bbox 1323 1944 1465 2009; x_wconf 88' lang='lat' dir='ltr'><strong>odorum</strong></span> 
     </span>
    </p>
   </div>
   <div class='ocr_carea' id='block_1_3' title="bbox 603 2039 1504 2154">
    <p class='ocr_par' dir='ltr' id='par_1_3' title="bbox 603 2039 1504 2154">
     <span class='ocr_line' id='line_1_13' title="bbox 603 2039 1504 2154; baseline 0 -25"><span class='ocrx_word' id='word_1_143' title='bbox 603 2066 780 2130; x_wconf 85' lang='lat' dir='ltr'><strong>Sulfure</strong></span> <span class='ocrx_word' id='word_1_144' title='bbox 802 2067 957 2128; x_wconf 87' lang='lat' dir='ltr'><strong>caeruleo</strong></span> <span class='ocrx_word' id='word_1_145' title='bbox 980 2070 1143 2154; x_wconf 83' lang='lat' dir='ltr'><strong>nigroque</strong></span> <span class='ocrx_word' id='word_1_146' title='bbox 1164 2039 1365 2128; x_wconf 84' lang='lat' dir='ltr'><strong>bitumine</strong></span> <span class='ocrx_word' id='word_1_147' title='bbox 1387 2068 1504 2145; x_wconf 81' lang='lat' dir='ltr'><strong>fumat,</strong></span> 
     </span>
    </p>
   </div>
   <div class='ocr_carea' id='block_1_4' title="bbox 188 2182 1945 4984">
    <p class='ocr_par' dir='ltr' id='par_1_4' title="bbox 606 2182 1579 2269">
     <span class='ocr_line' id='line_1_14' title="bbox 606 2182 1579 2269; baseline -0.003 -23"><span class='ocrx_word' id='word_1_148' title='bbox 606 2184 742 2246; x_wconf 84' lang='lat' dir='ltr'><strong>Circum</strong></span> <span class='ocrx_word' id='word_1_149' title='bbox 764 2184 912 2245; x_wconf 89' lang='lat' dir='ltr'><strong>membra</strong></span> <span class='ocrx_word' id='word_1_150' title='bbox 933 2194 1023 2245; x_wconf 88' lang='lat' dir='ltr'><strong>rotat</strong></span> <span class='ocrx_word' id='word_1_151' title='bbox 1044 2183 1157 2245; x_wconf 91' lang='lat' dir='ltr'><strong>doctus</strong></span> <span class='ocrx_word' id='word_1_152' title='bbox 1180 2182 1395 2269; x_wconf 77' lang='lat' dir='ltr'><strong>purganda</strong></span> <span class='ocrx_word' id='word_1_153' title='bbox 1416 2182 1579 2262; x_wconf 86' lang='lat' dir='ltr'><strong>sacerdos,</strong></span> 
     </span>
    </p>

    <p class='ocr_par' dir='ltr' id='par_1_5' title="bbox 604 2298 1449 2387">
     <span class='ocr_line' id='line_1_15' title="bbox 604 2298 1449 2387; baseline -0.002 -24"><span class='ocrx_word' id='word_1_154' title='bbox 604 2303 691 2364; x_wconf 85' lang='lat' dir='ltr'><strong>llore</strong></span> <span class='ocrx_word' id='word_1_155' title='bbox 712 2305 769 2386; x_wconf 91' lang='lat' dir='ltr'><strong>pio</strong></span> <span class='ocrx_word' id='word_1_156' title='bbox 790 2321 945 2387; x_wconf 84' lang='lat' dir='ltr'><strong>spargens</strong></span> <span class='ocrx_word' id='word_1_157' title='bbox 967 2311 1002 2363; x_wconf 90' lang='lat' dir='ltr'><strong>et</strong></span> <span class='ocrx_word' id='word_1_158' title='bbox 1021 2298 1095 2362; x_wconf 91' lang='lat' dir='ltr'><strong>dira</strong></span> <span class='ocrx_word' id='word_1_159' title='bbox 1115 2301 1305 2386; x_wconf 82' lang='lat' dir='ltr'><strong>fugantibus</strong></span> <span class='ocrx_word' id='word_1_160' title='bbox 1326 2300 1449 2379; x_wconf 87' lang='lat' dir='ltr'><strong>herbis,</strong></span> 
     </span>
    </p>

    <p class='ocr_par' dir='ltr' id='par_1_6' title="bbox 193 2417 1928 2976">
     <span class='ocr_line' id='line_1_16' title="bbox 605 2417 1656 2504; baseline -0.002 -24"><span class='ocrx_word' id='word_1_161' title='bbox 605 2417 754 2481; x_wconf 90' lang='lat' dir='ltr'><strong>Numina</strong></span> <span class='ocrx_word' id='word_1_162' title='bbox 774 2419 1017 2504; x_wconf 84' lang='lat' dir='ltr'><strong>purificumque</strong></span> <span class='ocrx_word' id='word_1_163' title='bbox 1037 2418 1157 2480; x_wconf 87' lang='lat' dir='ltr'><strong>Jovem</strong></span> <span class='ocrx_word' id='word_1_164' title='bbox 1177 2417 1396 2498; x_wconf 89' lang='lat' dir='ltr'><strong>Triviamque</strong></span> <span class='ocrx_word' id='word_1_165' title='bbox 1417 2428 1570 2502; x_wconf 84' lang='lat' dir='ltr'><strong>precatus</strong></span> <span class='ocrx_word' id='word_1_166' title='bbox 1595 2430 1656 2482; x_wconf 86' lang='lat' dir='ltr'><strong>cet.</strong></span> 
     </span>
     <span class='ocr_line' id='line_1_17' title="bbox 193 2534 1928 2623; baseline 0.001 -22"><span class='ocrx_word' id='word_1_167' title='bbox 193 2539 250 2601; x_wconf 86' lang='lat' dir='ltr'><strong>Sic</strong></span> <span class='ocrx_word' id='word_1_168' title='bbox 272 2541 307 2599; x_wconf 90' lang='lat' dir='ltr'><strong>in</strong></span> <span class='ocrx_word' id='word_1_169' title='bbox 329 2538 477 2623; x_wconf 79' lang='lat' dir='ltr'><strong>Iguviuis</strong></span> <span class='ocrx_word' id='word_1_170' title='bbox 499 2536 620 2598; x_wconf 90' lang='lat' dir='ltr'><strong>tabulis</strong></span> <span class='ocrx_word' id='word_1_171' title='bbox 641 2537 747 2598; x_wconf 84' lang='lat' dir='ltr'><strong>Juve</strong></span> <span class='ocrx_word' id='word_1_172' title='bbox 769 2534 978 2597; x_wconf 88' lang='lat' dir='ltr'><strong>Garbovei</strong></span> <span class='ocrx_word' id='word_1_173' title='bbox 1000 2545 1034 2598; x_wconf 86' lang='lat' dir='ltr'><strong>et</strong></span> <span class='ocrx_word' id='word_1_174' title='bbox 1054 2534 1187 2596; x_wconf 89' lang='lat' dir='ltr'><strong>Trebo</strong></span> <span class='ocrx_word' id='word_1_175' title='bbox 1209 2536 1329 2597; x_wconf 85' lang='lat' dir='ltr'><strong>Jovie</strong></span> <span class='ocrx_word' id='word_1_176' title='bbox 1350 2555 1444 2597; x_wconf 89' lang='lat' dir='ltr'><strong>sacra</strong></span> <span class='ocrx_word' id='word_1_177' title='bbox 1464 2537 1562 2615; x_wconf 85' lang='lat' dir='ltr'><strong>liunt,</strong></span> <span class='ocrx_word' id='word_1_178' title='bbox 1585 2535 1642 2598; x_wconf 89' lang='lat' dir='ltr'><strong>sed</strong></span> <span class='ocrx_word' id='word_1_179' title='bbox 1662 2536 1790 2601; x_wconf 84' lang='lat' dir='ltr'><strong>Tefro</strong></span> <span class='ocrx_word' id='word_1_180' title='bbox 1810 2541 1928 2604; x_wconf 87' lang='lat' dir='ltr'><strong>Jovie</strong></span> 
     </span>
     <span class='ocr_line' id='line_1_18' title="bbox 193 2626 1928 2742; baseline 0.003 -26"><span class='ocrx_word' id='word_1_181' title='bbox 193 2656 256 2734; x_wconf 90' lang='lat' dir='ltr'><strong>IV,</strong></span> <span class='ocrx_word' id='word_1_182' title='bbox 269 2657 301 2731; x_wconf 84' lang='lat' dir='ltr'><strong>b,</strong></span> <span class='ocrx_word' id='word_1_183' title='bbox 314 2658 354 2720; x_wconf 90' lang='grc'><strong>26</strong></span> <span class='ocrx_word' id='word_1_184' title='bbox 364 2675 410 2734; x_wconf 90' lang='lat' dir='ltr'><strong>sq.</strong></span> <span class='ocrx_word' id='word_1_185' title='bbox 434 2675 501 2715; x_wconf 91' lang='lat' dir='ltr'><strong>non</strong></span> <span class='ocrx_word' id='word_1_186' title='bbox 521 2655 630 2716; x_wconf 89' lang='lat' dir='ltr'><strong>solum</strong></span> <span class='ocrx_word' id='word_1_187' title='bbox 652 2672 760 2716; x_wconf 75' lang='lat' dir='ltr'><strong>naono</strong></span> <span class='ocrx_word' id='word_1_188' title='bbox 783 2671 900 2717; x_wconf 82' lang='grc' dir='ltr'><strong><em>ασιανε</em></strong></span> <span class='ocrx_word' id='word_1_189' title='bbox 920 2654 1014 2729; x_wconf 86' lang='lat' dir='ltr'><strong>fiunt,</strong></span> <span class='ocrx_word' id='word_1_190' title='bbox 1037 2654 1275 2713; x_wconf 83' lang='lat' dir='ltr'><strong>verumetiam</strong></span> <span class='ocrx_word' id='word_1_191' title='bbox 1296 2649 1397 2738; x_wconf 76' lang='grc' dir='ltr'><strong>ξερεφ</strong></span> <span class='ocrx_word' id='word_1_192' title='bbox 1409 2663 1443 2714; x_wconf 88' lang='lat' dir='ltr'><strong>et</strong></span> <span class='ocrx_word' id='word_1_193' title='bbox 1456 2652 1605 2718; x_wconf 79' lang='grc' dir='ltr'><strong><em>πελσανα</em></strong></span> <span class='ocrx_word' id='word_1_194' title='bbox 1626 2654 1658 2714; x_wconf 93' lang='lat' dir='ltr'><strong>h.</strong></span> <span class='ocrx_word' id='word_1_195' title='bbox 1673 2675 1700 2716; x_wconf 93' lang='lat' dir='ltr'><strong>e.</strong></span> <span class='ocrx_word' id='word_1_196' title='bbox 1716 2626 1794 2718; x_wconf 72' lang='lat' dir='ltr'><strong>rore</strong></span> <span class='ocrx_word' id='word_1_197' title='bbox 1815 2661 1872 2742; x_wconf 92' lang='lat' dir='ltr'><strong>pio</strong></span> <span class='ocrx_word' id='word_1_198' title='bbox 1895 2670 1928 2722; x_wconf 87' lang='lat' dir='ltr'><strong>et</strong></span> 
     </span>
     <span class='ocr_line' id='line_1_19' title="bbox 194 2768 1926 2863; baseline 0.003 -30"><span class='ocrx_word' id='word_1_199' title='bbox 194 2770 269 2834; x_wconf 91' lang='lat' dir='ltr'><strong>dira</strong></span> <span class='ocrx_word' id='word_1_200' title='bbox 280 2771 470 2858; x_wconf 82' lang='lat' dir='ltr'><strong>fugantibus</strong></span> <span class='ocrx_word' id='word_1_201' title='bbox 482 2771 606 2847; x_wconf 86' lang='lat' dir='ltr'><strong>herbis,</strong></span> <span class='ocrx_word' id='word_1_202' title='bbox 619 2772 690 2832; x_wconf 87' lang='lat' dir='ltr'><strong>sive</strong></span> <span class='ocrx_word' id='word_1_203' title='bbox 701 2771 812 2853; x_wconf 86' lang='lat' dir='ltr'><strong>potius</strong></span> <span class='ocrx_word' id='word_1_204' title='bbox 833 2770 1029 2832; x_wconf 85' lang='lat' dir='ltr'><strong>verbenis</strong></span> <span class='ocrx_word' id='word_1_205' title='bbox 1051 2780 1084 2831; x_wconf 90' lang='lat' dir='ltr'><strong>et</strong></span> <span class='ocrx_word' id='word_1_206' title='bbox 1104 2769 1296 2833; x_wconf 87' lang='lat' dir='ltr'><strong>balsamo.</strong></span> <span class='ocrx_word' id='word_1_207' title='bbox 1320 2768 1442 2832; x_wconf 89' lang='lat' dir='ltr'><strong>Serse</strong></span> <span class='ocrx_word' id='word_1_208' title='bbox 1464 2775 1601 2856; x_wconf 88' lang='lat' dir='ltr'><strong>proprie</strong></span> <span class='ocrx_word' id='word_1_209' title='bbox 1621 2774 1733 2834; x_wconf 84' lang='lat' dir='ltr'><strong>felicia</strong></span> <span class='ocrx_word' id='word_1_210' title='bbox 1744 2772 1926 2863; x_wconf 78' lang='lat' dir='ltr'><strong>designare,</strong></span> 
     </span>
     <span class='ocr_line' id='line_1_20' title="bbox 194 2888 1713 2976; baseline -0.001 -23"><span class='ocrx_word' id='word_1_211' title='bbox 194 2891 276 2953; x_wconf 86' lang='lat' dir='ltr'><strong>alias</strong></span> <span class='ocrx_word' id='word_1_212' title='bbox 297 2890 503 2965; x_wconf 76' lang='lat' dir='ltr'><strong>videbimus3</strong></span> <span class='ocrx_word' id='word_1_213' title='bbox 525 2888 582 2951; x_wconf 89' lang='lat' dir='ltr'><strong>sed</strong></span> <span class='ocrx_word' id='word_1_214' title='bbox 603 2890 716 2952; x_wconf 79' lang='lat' dir='ltr'><strong>felices</strong></span> <span class='ocrx_word' id='word_1_215' title='bbox 737 2889 859 2949; x_wconf 87' lang='lat' dir='ltr'><strong>herbae</strong></span> <span class='ocrx_word' id='word_1_216' title='bbox 879 2890 914 2948; x_wconf 92' lang='lat' dir='ltr'><strong>in</strong></span> <span class='ocrx_word' id='word_1_217' title='bbox 936 2891 1038 2952; x_wconf 83' lang='lat' dir='ltr'><strong>sacris</strong></span> <span class='ocrx_word' id='word_1_218' title='bbox 1059 2899 1136 2950; x_wconf 91' lang='lat' dir='ltr'><strong>sunt</strong></span> <span class='ocrx_word' id='word_1_219' title='bbox 1157 2889 1278 2949; x_wconf 89' lang='lat' dir='ltr'><strong>herbae</strong></span> <span class='ocrx_word' id='word_1_220' title='bbox 1299 2899 1445 2950; x_wconf 88' lang='lat' dir='ltr'><strong>sacratae</strong></span> <span class='ocrx_word' id='word_1_221' title='bbox 1466 2893 1536 2952; x_wconf 86' lang='lat' dir='ltr'><strong>sive</strong></span> <span class='ocrx_word' id='word_1_222' title='bbox 1557 2894 1713 2976; x_wconf 80' lang='lat' dir='ltr'><strong>sagmina.</strong></span> 
     </span>
    </p>

    <p class='ocr_par' dir='ltr' id='par_1_7' title="bbox 188 3006 1945 4984">
     <span class='ocr_line' id='line_1_21' title="bbox 360 3006 1915 3090; baseline 0 -17"><span class='ocrx_word' id='word_1_223' title='bbox 360 3012 411 3073; x_wconf 78' lang='grc'><strong>24.</strong></span> <span class='ocrx_word' id='word_1_224' title='bbox 454 3007 507 3070; x_wconf 88' lang='lat' dir='ltr'><strong>Ne</strong></span> <span class='ocrx_word' id='word_1_225' title='bbox 528 3011 602 3089; x_wconf 90' lang='lat' dir='ltr'><strong>quis</strong></span> <span class='ocrx_word' id='word_1_226' title='bbox 624 3009 892 3087; x_wconf 83' lang='lat' dir='ltr'><strong>conjunctionem</strong></span> <span class='ocrx_word' id='word_1_227' title='bbox 914 3017 954 3068; x_wconf 91' lang='lat' dir='ltr'><strong>et</strong></span> <span class='ocrx_word' id='word_1_228' title='bbox 975 3009 1064 3069; x_wconf 90' lang='lat' dir='ltr'><strong>inter</strong></span> <span class='ocrx_word' id='word_1_229' title='bbox 1084 3026 1181 3090; x_wconf 93' lang='lat' dir='ltr'><strong>sopo</strong></span> <span class='ocrx_word' id='word_1_230' title='bbox 1203 3016 1344 3090; x_wconf 89' lang='lat' dir='ltr'><strong>postro</strong></span> <span class='ocrx_word' id='word_1_231' title='bbox 1367 3006 1542 3085; x_wconf 88' lang='lat' dir='ltr'><strong>desideret,</strong></span> <span class='ocrx_word' id='word_1_232' title='bbox 1565 3009 1746 3071; x_wconf 90' lang='lat' dir='ltr'><strong>notandum</strong></span> <span class='ocrx_word' id='word_1_233' title='bbox 1768 3021 1827 3089; x_wconf 86' lang='lat' dir='ltr'><strong>est,</strong></span> <span class='ocrx_word' id='word_1_234' title='bbox 1850 3011 1915 3073; x_wconf 90' lang='lat' dir='ltr'><strong>Um</strong></span> 
     </span>
     <span class='ocr_line' id='line_1_22' title="bbox 192 3123 1929 3211; baseline 0.001 -22"><span class='ocrx_word' id='word_1_235' title='bbox 192 3129 270 3189; x_wconf 86' lang='lat' dir='ltr'><strong>bros</strong></span> <span class='ocrx_word' id='word_1_236' title='bbox 292 3131 354 3188; x_wconf 87' lang='lat' dir='ltr'><strong>ista</strong></span> <span class='ocrx_word' id='word_1_237' title='bbox 376 3128 611 3206; x_wconf 85' lang='lat' dir='ltr'><strong>conjunctione</strong></span> <span class='ocrx_word' id='word_1_238' title='bbox 633 3146 710 3187; x_wconf 86' lang='lat' dir='ltr'><strong>raro</strong></span> <span class='ocrx_word' id='word_1_239' title='bbox 733 3145 801 3187; x_wconf 85' lang='lat' dir='ltr'><strong>esse</strong></span> <span class='ocrx_word' id='word_1_240' title='bbox 822 3145 915 3186; x_wconf 86' lang='lat' dir='ltr'><strong>usos:</strong></span> <span class='ocrx_word' id='word_1_241' title='bbox 936 3123 1022 3185; x_wconf 88' lang='lat' dir='ltr'><strong>unde</strong></span> <span class='ocrx_word' id='word_1_242' title='bbox 1045 3127 1145 3186; x_wconf 86' lang='lat' dir='ltr'><strong>etiam</strong></span> <span class='ocrx_word' id='word_1_243' title='bbox 1167 3123 1228 3201; x_wconf 91' lang='lat' dir='ltr'><strong>IV,</strong></span> <span class='ocrx_word' id='word_1_244' title='bbox 1240 3125 1272 3201; x_wconf 92' lang='lat' dir='ltr'><strong>b,</strong></span> <span class='ocrx_word' id='word_1_245' title='bbox 1287 3128 1326 3189; x_wconf 83' lang='lat'><strong>17</strong></span> <span class='ocrx_word' id='word_1_246' title='bbox 1337 3146 1382 3207; x_wconf 88' lang='lat' dir='ltr'><strong>sq.</strong></span> <span class='ocrx_word' id='word_1_247' title='bbox 1399 3147 1492 3210; x_wconf 75' lang='grc' dir='ltr'><strong><em>μεφα</em></strong></span> <span class='ocrx_word' id='word_1_248' title='bbox 1513 3124 1653 3205; x_wconf 73' lang='grc' dir='ltr'><em>Ρεστιζα</em></span> <span class='ocrx_word' id='word_1_249' title='bbox 1675 3149 1737 3211; x_wconf 93' lang='lat' dir='ltr'><strong>pro</strong></span> <span class='ocrx_word' id='word_1_250' title='bbox 1758 3132 1929 3192; x_wconf 86' lang='lat' dir='ltr'><strong>vestisia</strong></span> 
     </span>
     <span class='ocr_line' id='line_1_23' title="bbox 193 3228 1928 3330; baseline 0.002 -24"><span class='ocrx_word' id='word_1_251' title='bbox 193 3255 231 3308; x_wconf 91' lang='lat' dir='ltr'><strong>et</strong></span> <span class='ocrx_word' id='word_1_252' title='bbox 252 3246 335 3305; x_wconf 88' lang='lat' dir='ltr'><strong>mef</strong></span> <span class='ocrx_word' id='word_1_253' title='bbox 338 3265 357 3304; x_wconf 90' lang='lat' dir='ltr'><strong>a</strong></span> <span class='ocrx_word' id='word_1_254' title='bbox 379 3242 440 3320; x_wconf 95' lang='lat' dir='ltr'><strong>VI,</strong></span> <span class='ocrx_word' id='word_1_255' title='bbox 454 3263 483 3320; x_wconf 91' lang='lat' dir='ltr'><strong>a,</strong></span> <span class='ocrx_word' id='word_1_256' title='bbox 491 3245 520 3308; x_wconf 89' lang='lat'><strong>5.</strong></span> <span class='ocrx_word' id='word_1_257' title='bbox 545 3228 685 3328; x_wconf 45' lang='lat' dir='ltr'><strong>legitur,</strong></span> <span class='ocrx_word' id='word_1_258' title='bbox 709 3240 837 3302; x_wconf 88' lang='lat' dir='ltr'><strong>Ibidem</strong></span> <span class='ocrx_word' id='word_1_259' title='bbox 859 3243 1094 3324; x_wconf 83' lang='lat' dir='ltr'><strong>imperativum</strong></span> <span class='ocrx_word' id='word_1_260' title='bbox 1116 3261 1249 3319; x_wconf 72' lang='lat' dir='ltr'><strong>abacta,</strong></span> <span class='ocrx_word' id='word_1_261' title='bbox 1272 3242 1359 3303; x_wconf 87' lang='lat' dir='ltr'><strong>sicut</strong></span> <span class='ocrx_word' id='word_1_262' title='bbox 1379 3244 1492 3325; x_wconf 83' lang='lat' dir='ltr'><strong>paullo</strong></span> <span class='ocrx_word' id='word_1_263' title='bbox 1514 3254 1589 3327; x_wconf 87' lang='lat' dir='ltr'><strong>post</strong></span> <span class='ocrx_word' id='word_1_264' title='bbox 1610 3265 1705 3330; x_wconf 69' lang='lat' dir='ltr'><strong>osta,</strong></span> <span class='ocrx_word' id='word_1_265' title='bbox 1730 3265 1795 3307; x_wconf 88' lang='lat' dir='ltr'><strong>non</strong></span> <span class='ocrx_word' id='word_1_266' title='bbox 1817 3245 1928 3309; x_wconf 92' lang='lat' dir='ltr'><strong>reddi·</strong></span> 
     </span>
     <span class='ocr_line' id='line_1_24' title="bbox 191 3357 1925 3445; baseline 0.001 -21"><span class='ocrx_word' id='word_1_267' title='bbox 191 3373 264 3425; x_wconf 90' lang='lat' dir='ltr'><strong>tum</strong></span> <span class='ocrx_word' id='word_1_268' title='bbox 286 3382 354 3423; x_wconf 88' lang='lat' dir='ltr'><strong>esse</strong></span> <span class='ocrx_word' id='word_1_269' title='bbox 376 3363 411 3422; x_wconf 92' lang='lat' dir='ltr'><strong>in</strong></span> <span class='ocrx_word' id='word_1_270' title='bbox 432 3371 523 3423; x_wconf 82' lang='lat' dir='ltr'><strong>sexta</strong></span> <span class='ocrx_word' id='word_1_271' title='bbox 545 3360 668 3437; x_wconf 83' lang='lat' dir='ltr'><strong>tabula,</strong></span> <span class='ocrx_word' id='word_1_272' title='bbox 699 3378 766 3421; x_wconf 90' lang='lat' dir='ltr'><strong>non</strong></span> <span class='ocrx_word' id='word_1_273' title='bbox 796 3362 900 3445; x_wconf 82' lang='lat' dir='ltr'><strong>magis</strong></span> <span class='ocrx_word' id='word_1_274' title='bbox 930 3379 1115 3441; x_wconf 89' lang='lat' dir='ltr'><strong>quenquam</strong></span> <span class='ocrx_word' id='word_1_275' title='bbox 1152 3357 1320 3420; x_wconf 86' lang='lat' dir='ltr'><strong>offendere</strong></span> <span class='ocrx_word' id='word_1_276' title='bbox 1349 3369 1468 3442; x_wconf 88' lang='lat' dir='ltr'><strong>potest,</strong></span> <span class='ocrx_word' id='word_1_277' title='bbox 1502 3381 1600 3442; x_wconf 91' lang='lat' dir='ltr'><strong>quam</strong></span> <span class='ocrx_word' id='word_1_278' title='bbox 1628 3361 1717 3444; x_wconf 92' lang='lat' dir='ltr'><strong>quod</strong></span> <span class='ocrx_word' id='word_1_279' title='bbox 1744 3364 1805 3442; x_wconf 91' lang='lat' dir='ltr'><strong>IV,</strong></span> <span class='ocrx_word' id='word_1_280' title='bbox 1824 3365 1856 3443; x_wconf 88' lang='lat' dir='ltr'><strong>b,</strong></span> <span class='ocrx_word' id='word_1_281' title='bbox 1876 3368 1925 3432; x_wconf 88' lang='grc'><strong>18.</strong></span> 
     </span>
     <span class='ocr_line' id='line_1_25' title="bbox 195 3476 1927 3560; baseline 0.001 -17"><span class='ocrx_word' id='word_1_282' title='bbox 195 3482 321 3545; x_wconf 70' lang='grc' dir='ltr'>ΦιιθΓι</span> <span class='ocrx_word' id='word_1_283' title='bbox 342 3490 375 3542; x_wconf 89' lang='lat' dir='ltr'><strong>et</strong></span> <span class='ocrx_word' id='word_1_284' title='bbox 396 3479 457 3557; x_wconf 89' lang='lat' dir='ltr'><strong>IV,</strong></span> <span class='ocrx_word' id='word_1_285' title='bbox 479 3482 572 3557; x_wconf 81' lang='lat' dir='ltr'><strong>a‚38.</strong></span> <span class='ocrx_word' id='word_1_286' title='bbox 595 3479 730 3560; x_wconf 81' lang='grc' dir='ltr'><strong><em>Σαταμε</em></strong></span> <span class='ocrx_word' id='word_1_287' title='bbox 752 3488 922 3540; x_wconf 83' lang='lat' dir='ltr'><strong>exaratum</strong></span> <span class='ocrx_word' id='word_1_288' title='bbox 945 3488 1005 3555; x_wconf 86' lang='lat' dir='ltr'><strong>est,</strong></span> <span class='ocrx_word' id='word_1_289' title='bbox 1038 3498 1105 3538; x_wconf 92' lang='lat' dir='ltr'><strong>non</strong></span> <span class='ocrx_word' id='word_1_290' title='bbox 1126 3476 1239 3539; x_wconf 90' lang='lat' dir='ltr'><strong>addito</strong></span> <span class='ocrx_word' id='word_1_291' title='bbox 1261 3478 1369 3538; x_wconf 86' lang='lat' dir='ltr'><strong>altero</strong></span> <span class='ocrx_word' id='word_1_292' title='bbox 1392 3481 1525 3540; x_wconf 89' lang='lat' dir='ltr'><strong>nomine</strong></span> <span class='ocrx_word' id='word_1_293' title='bbox 1546 3477 1668 3542; x_wconf 86' lang='lat' dir='ltr'><strong>Sausi</strong></span> <span class='ocrx_word' id='word_1_294' title='bbox 1690 3481 1745 3543; x_wconf 85' lang='lat' dir='ltr'><strong>vel</strong></span> <span class='ocrx_word' id='word_1_295' title='bbox 1767 3482 1927 3545; x_wconf 87' lang='lat' dir='ltr'><strong>Traha:</strong></span> 
     </span>
     <span class='ocr_line' id='line_1_26' title="bbox 194 3594 1929 3685; baseline 0.003 -25"><span class='ocrx_word' id='word_1_296' title='bbox 194 3601 300 3661; x_wconf 92' lang='lat' dir='ltr'><strong>multo</strong></span> <span class='ocrx_word' id='word_1_297' title='bbox 323 3600 426 3685; x_wconf 83' lang='lat' dir='ltr'><strong>magis</strong></span> <span class='ocrx_word' id='word_1_298' title='bbox 448 3594 670 3660; x_wconf 89' lang='lat' dir='ltr'><strong>observandus</strong></span> <span class='ocrx_word' id='word_1_299' title='bbox 699 3606 782 3659; x_wconf 85' lang='lat' dir='ltr'><strong>esset</strong></span> <span class='ocrx_word' id='word_1_300' title='bbox 803 3594 933 3657; x_wconf 91' lang='lat' dir='ltr'><strong>additus</strong></span> <span class='ocrx_word' id='word_1_301' title='bbox 964 3595 1026 3674; x_wconf 91' lang='lat' dir='ltr'><strong>VI,</strong></span> <span class='ocrx_word' id='word_1_302' title='bbox 1047 3616 1078 3673; x_wconf 93' lang='lat' dir='ltr'><strong>a,</strong></span> <span class='ocrx_word' id='word_1_303' title='bbox 1098 3598 1147 3663; x_wconf 90' lang='grc'><strong>18.</strong></span> <span class='ocrx_word' id='word_1_304' title='bbox 1173 3598 1392 3681; x_wconf 81' lang='lat' dir='ltr'><strong>imperativus</strong></span> <span class='ocrx_word' id='word_1_305' title='bbox 1413 3600 1518 3675; x_wconf 88' lang='lat' dir='ltr'><strong>aitu,</strong></span> <span class='ocrx_word' id='word_1_306' title='bbox 1547 3601 1611 3659; x_wconf 91' lang='lat' dir='ltr'><strong>nisi</strong></span> <span class='ocrx_word' id='word_1_307' title='bbox 1634 3602 1733 3661; x_wconf 88' lang='lat' dir='ltr'><strong>etiarn</strong></span> <span class='ocrx_word' id='word_1_308' title='bbox 1755 3600 1818 3679; x_wconf 89' lang='lat' dir='ltr'><strong>IV,</strong></span> <span class='ocrx_word' id='word_1_309' title='bbox 1839 3622 1869 3681; x_wconf 89' lang='lat' dir='ltr'><strong>a,</strong></span> <span class='ocrx_word' id='word_1_310' title='bbox 1888 3605 1929 3669; x_wconf 80' lang='grc'><strong>29</strong></span> 
     </span>
     <span class='ocr_line' id='line_1_27' title="bbox 192 3711 1926 3801; baseline 0.001 -23"><span class='ocrx_word' id='word_1_311' title='bbox 192 3727 226 3779; x_wconf 93' lang='lat' dir='ltr'><strong>et</strong></span> <span class='ocrx_word' id='word_1_312' title='bbox 246 3720 296 3782; x_wconf 81' lang='lat'><strong>37.</strong></span> <span class='ocrx_word' id='word_1_313' title='bbox 321 3736 406 3779; x_wconf 85' lang='grc' dir='ltr'><strong><em>καπι</em></strong></span> <span class='ocrx_word' id='word_1_314' title='bbox 427 3711 536 3797; x_wconf 65' lang='lat' dir='ltr'><strong>odada</strong></span> <span class='ocrx_word' id='word_1_315' title='bbox 558 3735 635 3777; x_wconf 72' lang='grc' dir='ltr'><strong><em>αιτε</em></strong></span> <span class='ocrx_word' id='word_1_316' title='bbox 657 3713 836 3799; x_wconf 84' lang='lat' dir='ltr'><strong>legeretur.</strong></span> <span class='ocrx_word' id='word_1_317' title='bbox 881 3713 1112 3776; x_wconf 90' lang='lat' dir='ltr'><strong>Memorabilis</strong></span> <span class='ocrx_word' id='word_1_318' title='bbox 1133 3736 1215 3777; x_wconf 70' lang='lat' dir='ltr'><strong>vero</strong></span> <span class='ocrx_word' id='word_1_319' title='bbox 1238 3725 1287 3778; x_wconf 90' lang='lat' dir='ltr'><strong>est</strong></span> <span class='ocrx_word' id='word_1_320' title='bbox 1315 3714 1438 3776; x_wconf 88' lang='lat' dir='ltr'><strong>ibidem</strong></span> <span class='ocrx_word' id='word_1_321' title='bbox 1460 3717 1684 3777; x_wconf 88' lang='lat' dir='ltr'><strong>numeralium</strong></span> <span class='ocrx_word' id='word_1_322' title='bbox 1706 3723 1926 3801; x_wconf 84' lang='lat' dir='ltr'><strong>permutatio:</strong></span> 
     </span>
     <span class='ocr_line' id='line_1_28' title="bbox 191 3829 1945 3922; baseline 0.002 -26"><span class='ocrx_word' id='word_1_323' title='bbox 191 3856 268 3896; x_wconf 87' lang='lat' dir='ltr'><strong>uam</strong></span> <span class='ocrx_word' id='word_1_324' title='bbox 290 3837 324 3895; x_wconf 90' lang='lat' dir='ltr'><strong>iu</strong></span> <span class='ocrx_word' id='word_1_325' title='bbox 347 3844 465 3917; x_wconf 88' lang='lat' dir='ltr'><strong>quarta</strong></span> <span class='ocrx_word' id='word_1_326' title='bbox 486 3830 687 3895; x_wconf 87' lang='lat' dir='ltr'><strong>tabuladuo</strong></span> <span class='ocrx_word' id='word_1_327' title='bbox 709 3831 872 3911; x_wconf 82' lang='lat' dir='ltr'><strong>adjectiva</strong></span> <span class='ocrx_word' id='word_1_328' title='bbox 892 3829 1076 3918; x_wconf 66' lang='lat' dir='ltr'><strong>nupseram,</strong></span> <span class='ocrx_word' id='word_1_329' title='bbox 1100 3829 1241 3915; x_wconf 74' lang='grc' dir='ltr'><strong>σακρεφ,</strong></span> <span class='ocrx_word' id='word_1_330' title='bbox 1272 3851 1347 3892; x_wconf 89' lang='lat' dir='ltr'><strong>cum</strong></span> <span class='ocrx_word' id='word_1_331' title='bbox 1379 3838 1568 3917; x_wconf 92' lang='lat' dir='ltr'><strong>praeposito</strong></span> <span class='ocrx_word' id='word_1_332' title='bbox 1597 3835 1762 3896; x_wconf 88' lang='lat' dir='ltr'><strong>numerali</strong></span> <span class='ocrx_word' id='word_1_333' title='bbox 1792 3833 1945 3922; x_wconf 83' lang='grc' dir='ltr'><strong><em>ετραφ,</em></strong></span> 
     </span>
     <span class='ocr_line' id='line_1_29' title="bbox 192 3948 1927 4037; baseline 0.001 -23"><span class='ocrx_word' id='word_1_334' title='bbox 192 3953 225 4014; x_wconf 92' lang='lat' dir='ltr'><strong>h.</strong></span> <span class='ocrx_word' id='word_1_335' title='bbox 239 3974 267 4015; x_wconf 91' lang='lat' dir='ltr'><strong>e.</strong></span> <span class='ocrx_word' id='word_1_336' title='bbox 291 3953 459 4029; x_wconf 90' lang='lat' dir='ltr'><strong>alteris,</strong></span> <span class='ocrx_word' id='word_1_337' title='bbox 483 3956 698 4034; x_wconf 78' lang='lat' dir='ltr'><strong>repetuntur,</strong></span> <span class='ocrx_word' id='word_1_338' title='bbox 733 3951 769 4009; x_wconf 88' lang='lat' dir='ltr'><strong>in</strong></span> <span class='ocrx_word' id='word_1_339' title='bbox 790 3959 881 4011; x_wconf 85' lang='lat' dir='ltr'><strong>sexta</strong></span> <span class='ocrx_word' id='word_1_340' title='bbox 901 3970 982 4012; x_wconf 74' lang='lat' dir='ltr'><strong>vero</strong></span> <span class='ocrx_word' id='word_1_341' title='bbox 1005 3948 1107 4012; x_wconf 87' lang='lat' dir='ltr'><strong>semel</strong></span> <span class='ocrx_word' id='word_1_342' title='bbox 1133 3959 1262 4012; x_wconf 88' lang='lat' dir='ltr'><strong>tantum</strong></span> <span class='ocrx_word' id='word_1_343' title='bbox 1290 3948 1455 4032; x_wconf 90' lang='lat' dir='ltr'><strong>purdita</strong></span> <span class='ocrx_word' id='word_1_344' title='bbox 1486 3961 1520 4013; x_wconf 89' lang='lat' dir='ltr'><strong>et</strong></span> <span class='ocrx_word' id='word_1_345' title='bbox 1545 3971 1659 4014; x_wconf 89' lang='lat' dir='ltr'><strong>sacra</strong></span> <span class='ocrx_word' id='word_1_346' title='bbox 1684 3956 1927 4037; x_wconf 88' lang='lat' dir='ltr'><strong>scriptumest,</strong></span> 
     </span>
     <span class='ocr_line' id='line_1_30' title="bbox 191 4066 1927 4156; baseline 0.001 -24"><span class='ocrx_word' id='word_1_347' title='bbox 191 4069 313 4132; x_wconf 89' lang='lat' dir='ltr'><strong>additis</strong></span> <span class='ocrx_word' id='word_1_348' title='bbox 334 4070 445 4132; x_wconf 85' lang='lat' dir='ltr'><strong>verbis</strong></span> <span class='ocrx_word' id='word_1_349' title='bbox 467 4067 593 4153; x_wconf 93' lang='lat' dir='ltr'><strong>dupla</strong></span> <span class='ocrx_word' id='word_1_350' title='bbox 613 4070 722 4148; x_wconf 87' lang='lat' dir='ltr'><strong>aitu,</strong></span> <span class='ocrx_word' id='word_1_351' title='bbox 746 4066 835 4150; x_wconf 91' lang='lat' dir='ltr'><strong>quod</strong></span> <span class='ocrx_word' id='word_1_352' title='bbox 856 4089 932 4129; x_wconf 88' lang='lat' dir='ltr'><strong>sane</strong></span> <span class='ocrx_word' id='word_1_353' title='bbox 955 4066 1043 4130; x_wconf 86' lang='lat' dir='ltr'><strong>idem</strong></span> <span class='ocrx_word' id='word_1_354' title='bbox 1065 4069 1237 4156; x_wconf 81' lang='lat' dir='ltr'><strong>significat.</strong></span> <span class='ocrx_word' id='word_1_355' title='bbox 1282 4066 1339 4129; x_wconf 87' lang='lat' dir='ltr'><strong>Sic</strong></span> <span class='ocrx_word' id='word_1_356' title='bbox 1361 4067 1424 4144; x_wconf 91' lang='lat' dir='ltr'><strong>IV,</strong></span> <span class='ocrx_word' id='word_1_357' title='bbox 1440 4090 1470 4147; x_wconf 88' lang='lat' dir='ltr'><strong>a,</strong></span> <span class='ocrx_word' id='word_1_358' title='bbox 1487 4071 1525 4132; x_wconf 91' lang='grc'><strong>21</strong></span> <span class='ocrx_word' id='word_1_359' title='bbox 1544 4091 1591 4152; x_wconf 87' lang='lat' dir='ltr'><strong>sq.</strong></span> <span class='ocrx_word' id='word_1_360' title='bbox 1615 4081 1691 4154; x_wconf 88' lang='lat' dir='ltr'><strong>post</strong></span> <span class='ocrx_word' id='word_1_361' title='bbox 1711 4074 1927 4155; x_wconf 88' lang='lat' dir='ltr'><strong>imperativos</strong></span> 
     </span>
     <span class='ocr_line' id='line_1_31' title="bbox 192 4183 1927 4277; baseline 0.001 -24"><span class='ocrx_word' id='word_1_362' title='bbox 192 4188 331 4277; x_wconf 69' lang='grc' dir='ltr'><strong>απρετθ,</strong></span> <span class='ocrx_word' id='word_1_363' title='bbox 364 4185 540 4275; x_wconf 68' lang='lat' dir='ltr'><strong>medemnas,</strong></span> <span class='ocrx_word' id='word_1_364' title='bbox 573 4208 673 4251; x_wconf 77' lang='lat' dir='ltr'><strong>arose</strong></span> <span class='ocrx_word' id='word_1_365' title='bbox 693 4187 856 4262; x_wconf 72' lang='lat' dir='ltr'><strong>IxaFwag</strong></span> <span class='ocrx_word' id='word_1_366' title='bbox 881 4184 1035 4248; x_wconf 87' lang='lat' dir='ltr'><strong>additur:</strong></span> <span class='ocrx_word' id='word_1_367' title='bbox 1068 4183 1270 4274; x_wconf 74' lang='grc' dir='ltr'><strong><em>τριιθπερ</em></strong></span> <span class='ocrx_word' id='word_1_368' title='bbox 1303 4183 1501 4272; x_wconf 56' lang='lat' dir='ltr'><strong>attrebatae,</strong></span> <span class='ocrx_word' id='word_1_369' title='bbox 1533 4186 1739 4277; x_wconf 73' lang='grc' dir='ltr'><em>τριιθπεῤ</em></span> <span class='ocrx_word' id='word_1_370' title='bbox 1770 4211 1927 4272; x_wconf 67' lang='lat' dir='ltr'><strong>ntorum,</strong></span> 
     </span>
     <span class='ocr_line' id='line_1_32' title="bbox 189 4303 1925 4395; baseline 0 -25"><span class='ocrx_word' id='word_1_371' title='bbox 189 4303 391 4395; x_wconf 72' lang='grc' dir='ltr'><em>τριιθπεῤ</em></span> <span class='ocrx_word' id='word_1_372' title='bbox 418 4327 517 4370; x_wconf 74' lang='lat' dir='ltr'><strong>saara</strong></span> <span class='ocrx_word' id='word_1_373' title='bbox 539 4305 719 4382; x_wconf 67' lang='grc' dir='ltr'><strong>ΙκθΓινθς,</strong></span> <span class='ocrx_word' id='word_1_374' title='bbox 742 4303 1000 4388; x_wconf 85' lang='lat' dir='ltr'><strong>atVl,a,56sq.</strong></span> <span class='ocrx_word' id='word_1_375' title='bbox 1025 4309 1187 4389; x_wconf 83' lang='lat' dir='ltr'><strong>et63sqq.</strong></span> <span class='ocrx_word' id='word_1_376' title='bbox 1212 4306 1338 4392; x_wconf 81' lang='lat' dir='ltr'><strong>legitur</strong></span> <span class='ocrx_word' id='word_1_377' title='bbox 1359 4307 1611 4386; x_wconf 86' lang='lat' dir='ltr'><strong>ambretuto,</strong></span> <span class='ocrx_word' id='word_1_378' title='bbox 1633 4311 1925 4392; x_wconf 89' lang='lat' dir='ltr'><strong>persuimumo‚</strong></span> 
     </span>
     <span class='ocr_line' id='line_1_33' title="bbox 189 4418 1928 4507; baseline 0.002 -21"><span class='ocrx_word' id='word_1_379' title='bbox 189 4424 310 4487; x_wconf 90' lang='lat' dir='ltr'><strong>deitu</strong></span> <span class='ocrx_word' id='word_1_380' title='bbox 331 4432 450 4486; x_wconf 90' lang='lat' dir='ltr'><strong>etato</strong></span> <span class='ocrx_word' id='word_1_381' title='bbox 471 4421 669 4500; x_wconf 82' lang='lat' dir='ltr'><strong>ljovinur</strong></span> <span class='ocrx_word' id='word_1_382' title='bbox 689 4457 732 4468; x_wconf 95' lang='lat'><em>-</em></span> <span class='ocrx_word' id='word_1_383' title='bbox 753 4418 851 4483; x_wconf 80' lang='lat' dir='ltr'><strong>doti</strong></span> <span class='ocrx_word' id='word_1_384' title='bbox 881 4422 1138 4502; x_wconf 84' lang='lat' dir='ltr'><strong>ambretuto,</strong></span> <span class='ocrx_word' id='word_1_385' title='bbox 1168 4426 1445 4507; x_wconf 83' lang='lat' dir='ltr'><strong>pesnimumo,</strong></span> <span class='ocrx_word' id='word_1_386' title='bbox 1478 4421 1594 4486; x_wconf 87' lang='lat' dir='ltr'><strong>deitu</strong></span> <span class='ocrx_word' id='word_1_387' title='bbox 1622 4428 1778 4487; x_wconf 90' lang='lat' dir='ltr'><strong>etaians</strong></span> <span class='ocrx_word' id='word_1_388' title='bbox 1810 4425 1928 4490; x_wconf 90' lang='lat' dir='ltr'><strong>deitu</strong></span> 
     </span>
     <span class='ocr_line' id='line_1_34' title="bbox 188 4537 1925 4624; baseline 0.001 -20"><span class='ocrx_word' id='word_1_389' title='bbox 188 4579 232 4591; x_wconf 91' lang='lat'><em>-</em></span> <span class='ocrx_word' id='word_1_390' title='bbox 253 4545 404 4606; x_wconf 86' lang='lat' dir='ltr'><strong>tertim</strong></span> <span class='ocrx_word' id='word_1_391' title='bbox 423 4539 681 4618; x_wconf 87' lang='lat' dir='ltr'><strong>ambretuto,</strong></span> <span class='ocrx_word' id='word_1_392' title='bbox 703 4542 980 4624; x_wconf 84' lang='lat' dir='ltr'><strong>pesnimumo,</strong></span> <span class='ocrx_word' id='word_1_393' title='bbox 1008 4537 1129 4602; x_wconf 87' lang='lat' dir='ltr'><strong>deitu</strong></span> <span class='ocrx_word' id='word_1_394' title='bbox 1151 4544 1299 4603; x_wconf 84' lang='lat' dir='ltr'><strong>ataias.</strong></span> <span class='ocrx_word' id='word_1_395' title='bbox 1343 4540 1441 4602; x_wconf 91' lang='lat' dir='ltr'><strong>Nihil</strong></span> <span class='ocrx_word' id='word_1_396' title='bbox 1464 4544 1552 4604; x_wconf 87' lang='lat' dir='ltr'><strong>enirn</strong></span> <span class='ocrx_word' id='word_1_397' title='bbox 1572 4545 1687 4620; x_wconf 82' lang='lat' dir='ltr'><strong>refert,</strong></span> <span class='ocrx_word' id='word_1_398' title='bbox 1711 4553 1826 4605; x_wconf 88' lang='lat' dir='ltr'><strong>utrum</strong></span> <span class='ocrx_word' id='word_1_399' title='bbox 1847 4554 1925 4624; x_wconf 92' lang='lat' dir='ltr'><strong>ter,</strong></span> 
     </span>
     <span class='ocr_line' id='line_1_35' title="bbox 189 4654 1926 4750; baseline 0.001 -28"><span class='ocrx_word' id='word_1_400' title='bbox 189 4663 410 4722; x_wconf 77' lang='lat' dir='ltr'><strong>unitorum</strong></span> <span class='ocrx_word' id='word_1_401' title='bbox 433 4668 467 4720; x_wconf 85' lang='lat' dir='ltr'><strong>et</strong></span> <span class='ocrx_word' id='word_1_402' title='bbox 486 4660 623 4721; x_wconf 84' lang='lat' dir='ltr'><strong>tertio</strong></span> <span class='ocrx_word' id='word_1_403' title='bbox 645 4654 773 4740; x_wconf 86' lang='lat' dir='ltr'><strong>aliquid</strong></span> <span class='ocrx_word' id='word_1_404' title='bbox 793 4658 868 4719; x_wconf 88' lang='lat' dir='ltr'><strong>fieri</strong></span> <span class='ocrx_word' id='word_1_405' title='bbox 889 4657 1062 4738; x_wconf 88' lang='lat' dir='ltr'><strong>jubeatur:</strong></span> <span class='ocrx_word' id='word_1_406' title='bbox 1084 4654 1362 4745; x_wconf 60' lang='lat' dir='ltr'><strong>splttonsqlautem</strong></span> <span class='ocrx_word' id='word_1_407' title='bbox 1383 4680 1454 4742; x_wconf 89' lang='lat' dir='ltr'><strong>pro</strong></span> <span class='ocrx_word' id='word_1_408' title='bbox 1477 4660 1618 4723; x_wconf 87' lang='lat' dir='ltr'><strong>tribus</strong></span> <span class='ocrx_word' id='word_1_409' title='bbox 1639 4661 1803 4724; x_wconf 87' lang='lat' dir='ltr'><strong>vicibus</strong></span> <span class='ocrx_word' id='word_1_410' title='bbox 1824 4664 1926 4750; x_wconf 80' lang='lat' dir='ltr'><strong>signi-</strong></span> 
     </span>
     <span class='ocr_line' id='line_1_36' title="bbox 188 4775 1926 4857; baseline 0.002 -18"><span class='ocrx_word' id='word_1_411' title='bbox 188 4779 277 4856; x_wconf 83' lang='lat' dir='ltr'><strong>ficat,</strong></span> <span class='ocrx_word' id='word_1_412' title='bbox 300 4775 395 4839; x_wconf 91' lang='lat' dir='ltr'><strong>duti</strong></span> <span class='ocrx_word' id='word_1_413' title='bbox 416 4785 450 4839; x_wconf 92' lang='lat' dir='ltr'><strong>et</strong></span> <span class='ocrx_word' id='word_1_414' title='bbox 471 4777 617 4838; x_wconf 90' lang='lat' dir='ltr'><strong>tertim</strong></span> <span class='ocrx_word' id='word_1_415' title='bbox 637 4795 720 4838; x_wconf 81' lang='lat' dir='ltr'><strong>vero</strong></span> <span class='ocrx_word' id='word_1_416' title='bbox 740 4775 878 4837; x_wconf 84' lang='lat' dir='ltr'><strong>altera</strong></span> <span class='ocrx_word' id='word_1_417' title='bbox 899 4785 933 4838; x_wconf 89' lang='lat' dir='ltr'><strong>et</strong></span> <span class='ocrx_word' id='word_1_418' title='bbox 957 4779 1089 4838; x_wconf 86' lang='lat' dir='ltr'><strong>tertia</strong></span> <span class='ocrx_word' id='word_1_419' title='bbox 1113 4777 1216 4838; x_wconf 82' lang='lat' dir='ltr'><strong>vioe.</strong></span> <span class='ocrx_word' id='word_1_420' title='bbox 1262 4775 1548 4857; x_wconf 76' lang='lat' dir='ltr'><strong>Quemadmodum</strong></span> <span class='ocrx_word' id='word_1_421' title='bbox 1570 4788 1645 4840; x_wconf 90' lang='lat' dir='ltr'><strong>ante</strong></span> <span class='ocrx_word' id='word_1_422' title='bbox 1665 4778 1745 4842; x_wconf 90' lang='lat' dir='ltr'><strong>haec</strong></span> <span class='ocrx_word' id='word_1_423' title='bbox 1768 4778 1926 4844; x_wconf 86' lang='lat' dir='ltr'><strong>adverbia</strong></span> 
     </span>
     <span class='ocr_line' id='line_1_37' title="bbox 191 4888 1922 4984; baseline -0.001 -25"><span class='ocrx_word' id='word_1_424' title='bbox 191 4895 278 4959; x_wconf 91' lang='lat' dir='ltr'><strong>nihil</strong></span> <span class='ocrx_word' id='word_1_425' title='bbox 298 4896 436 4984; x_wconf 84' lang='lat' dir='ltr'><strong>legitur,</strong></span> <span class='ocrx_word' id='word_1_426' title='bbox 458 4891 547 4977; x_wconf 90' lang='lat' dir='ltr'><strong>quod</strong></span> <span class='ocrx_word' id='word_1_427' title='bbox 568 4895 745 4978; x_wconf 90' lang='lat' dir='ltr'><strong>primum</strong></span> <span class='ocrx_word' id='word_1_428' title='bbox 766 4893 940 4981; x_wconf 79' lang='lat' dir='ltr'><strong>significet,</strong></span> <span class='ocrx_word' id='word_1_429' title='bbox 962 4902 1000 4957; x_wconf 90' lang='lat' dir='ltr'><strong>ut</strong></span> <span class='ocrx_word' id='word_1_430' title='bbox 1020 4889 1139 4982; x_wconf 73' lang='grc' dir='ltr'><strong>πρεμε</strong></span> <span class='ocrx_word' id='word_1_431' title='bbox 1156 4894 1227 4955; x_wconf 82' lang='lat' dir='ltr'><strong>siva</strong></span> <span class='ocrx_word' id='word_1_432' title='bbox 1248 4888 1645 4981; x_wconf 71' lang='grc' dir='ltr'><strong>πρ8μ3μ11,3.15.23.;</strong></span> <span class='ocrx_word' id='word_1_433' title='bbox 1668 4898 1715 4958; x_wconf 92' lang='lat' dir='ltr'><strong>sic</strong></span> <span class='ocrx_word' id='word_1_434' title='bbox 1736 4894 1799 4976; x_wconf 89' lang='lat' dir='ltr'><strong>IV,</strong></span> <span class='ocrx_word' id='word_1_435' title='bbox 1818 4897 1850 4975; x_wconf 90' lang='lat' dir='ltr'><strong>b,</strong></span> <span class='ocrx_word' id='word_1_436' title='bbox 1870 4899 1922 4964; x_wconf 82' lang='grc'><strong>32.</strong></span> 
     </span>
    </p>
   </div>
   <div class='ocr_carea' id='block_1_5' title="bbox 1430 5051 1452 5113">
    <p class='ocr_par' dir='ltr' id='par_1_8' title="bbox 1430 5051 1452 5113">
     <span class='ocr_line' id='line_1_38' title="bbox 1430 5051 1452 5113; baseline 0 0"><span class='ocrx_word' id='word_1_437' title='bbox 1430 5051 1452 5113; x_wconf 76' lang='lat' dir='ltr'><strong>l</strong></span> 
     </span>
    </p>
   </div>
   <div class='ocr_carea' id='block_1_6' title="bbox 0 0 2126 5722">
    <p class='ocr_par' dir='ltr' id='par_1_9' title="bbox 0 0 2126 5722">
     <span class='ocr_line' id='line_1_39' title="bbox 0 0 2126 5722; baseline 0 1"><span class='ocrx_word' id='word_1_438' title='bbox 0 0 2126 5722; x_wconf 95' lang='lat' dir='ltr'><strong> </strong></span> 
     </span>
    </p>
   </div>
  </div>
 </body>
</html>
