4244 5722
940 608 1191 676 ..24-

601 773 636 847 1.
687 768 990 850 Hermionenscs
1013 775 1216 852 abacorum
1241 775 1519 875 inscriptiones.

352 907 393 971 In
413 905 510 970 abaci
531 902 704 987 cujusdam
730 907 908 989 superficie
935 905 1045 969 media
1074 904 1140 970 duo
1168 907 1269 972 modo
1296 909 1402 972 verba
1425 910 1587 995 leguntur
1614 927 1712 991 quam
1739 909 1945 980 nitidissime
1991 966 1997 973 .

185 1028 330 1110 scriptae
362 1025 577 1091 Harcntatsis
597 1042 676 1104 saar,
707 1042 850 1107 quorum
871 1023 937 1086 hoc
958 1041 1098 1106 prorsus
1117 1023 1281 1089 Latinum
1301 1038 1363 1109 est,
1391 1024 1481 1091 illud
1501 1029 1669 1115 genitivus
1689 1028 1761 1109 ojus
1781 1034 1945 1112 nominis,

185 1147 281 1228 cujus
302 1146 532 1210 accusativum
557 1141 749 1207 berentaten
778 1140 888 1205 altera
914 1141 1066 1206 continet
1093 1142 1283 1228 inscriptio.
1328 1145 1440 1226 Quum
1467 1142 1575 1211 kral
1595 1145 1681 1209 Osce
1705 1164 1768 1228 pro
1786 1136 1946 1238 χαιρήυυι

184 1266 256 1330 sive
276 1264 363 1329 oolct
384 1261 454 1325 dici
474 1260 613 1340 soleret,
648 1260 801 1325 terentes
832 1257 912 1324 inde
935 1261 992 1322 sic
1024 1257 1178 1340 deducta,
1212 1260 1490 1346 quemadmodum
1514 1264 1665 1330 noluntas
1693 1264 1897 1332 Latinorum
1916 1286 1941 1331 a

183 1384 282 1463 nolet,
300 1374 449 1469 χάρισμα
471 1377 659 1467 designasse
682 1377 830 1445 videtur.
873 1376 977 1442 Recta
997 1380 1105 1465 igitur
1125 1380 1188 1443 illa
1208 1381 1387 1466 inscriptio
1408 1382 1499 1445 verti
1518 1391 1646 1466 potestr
1669 1380 1941 1469 aretinense-n

184 1501 293 1583 (opas)
315 1519 391 1575 sam,
414 1495 694 1586 quemadmodum
714 1499 753 1561 in
773 1497 925 1586 Iguvinis
946 1498 1072 1562 tabulis
1092 1496 1155 1578 111,
1167 1497 1312 1582 b,8sqq.
1325 1496 1412 1564 berti
1431 1500 1505 1563 sive
1523 1491 1635 1588 χάριτι
1653 1504 1803 1584 (men)
1824 1501 1943 1567 dican·

184 1629 245 1684 tnr
266 1617 398 1683 donata.
440 1618 597 1705 Longior
622 1624 673 1679 est
700 1616 809 1680 altera
823 1616 1027 1701 inscriptio,
1057 1635 1152 1701 quas,
1180 1618 1315 1701 punctis
1336 1613 1535 1701 quibusdam
1560 1619 1708 1699 mutatis,
1728 1623 1779 1684 sic
1798 1616 1943 1709 legenda

182 1736 339 1805 videtur:
361 1734 404 1805 L.
428 1732 554 1803 Slabils
573 1731 700 1801 Lnnlsil
715 1734 864 1802 Meddiss
886 1736 1010 1802 tantilla
1031 1733 1221 1801 berentalcn
1240 1733 1429 1801 Heraia'nai
1450 1734 1601 1818 pnsffcd.
1645 1736 1685 1800 Iu
1706 1736 1770 1802 bac
1789 1738 1944 1825 inscrip-

185 1859 278 1922 tione
298 1876 386 1921 nnus
405 1853 505 1922 modo
526 1854 674 1922 Meddiss
696 1854 818 1921 tassilo
839 1857 911 1920 sive
930 1854 1185 1921 Mediastalicua
1206 1864 1425 1935 memoratur,
1444 1851 1487 1921 L.
1509 1851 1646 1921 stactus
1664 1850 1817 1921 Lucilios
1835 1872 1945 1923 voca·

183 1986 250 2057 tus,
276 1970 556 2060 quemadmodum
582 1974 812 2042 mediastuticus
831 1974 927 2037 Livii
947 1972 1078 2054 XXIII,
1088 1976 1141 2044 35.
1183 1975 1315 2043 Marias
1333 1970 1455 2060 Allius,
1475 1973 1564 2043 alter
1583 1970 1714 2053 XXVI,
1725 1977 1756 2041 6.
1795 1971 1946 2059 Seppius
2022 2030 2027 2039 .

183 2090 312 2173 Lesias,
335 2096 458 2159 tertius
478 2089 612 2171 XXIV,
625 2096 674 2162 19.
719 2090 782 2160 Cn.
804 2093 944 2178 Magios
963 2089 1138 2160 Atellanus
1158 2062 1297 2161 dicitur.
1966 2110 1968 2115 '

353 2211 393 2277 Si
413 2209 456 2281 L.
477 2208 583 2278 Auli!
600 2222 693 2274 recte
717 2212 883 2290 scriptum
906 2222 1003 2286 esset,
1032 2213 1115 2270 haec
1136 2224 1247 2271 essent
1266 2215 1403 2277 nomina
1422 2216 1546 2292 patria3
1579 2211 1638 2277 aad
1656 2207 1785 2278 Ancilla·
1802 2228 1940 2292 nomen,

183 2331 247 2394 etsi
266 2327 372 2394 Acilii
392 2338 426 2392 et
449 2327 586 2394 Otacilii
607 2328 687 2391 satis
708 2328 783 2389 noti
803 2335 893 2405 suut,
916 2322 1071 2410 equidem
1091 2327 1230 2413 ignoro:
1252 2345 1331 2389 uam
1351 2321 1527 2393 Ancillam
1548 2336 1583 2392 et
1601 2308 1777 2397 Ancillian
1795 2327 1942 2393 Marcel-

143 2512 151 2516 ,
185 2447 246 2513 lam
267 2445 417 2508 Reiuesii
437 2443 518 2525 XII,
528 2445 561 2510 ὅ.
583 2438 760 2510 Ancillistn
781 2453 816 2507 et
835 2438 1014 2509 Ancilliam
1042 2442 1179 2507 exhibet
1199 2445 1394 2530 inscriptio:
1427 2441 1552 2512 Laeti!
1576 2456 1695 2512 contra
1720 2440 1786 2532 pro
1804 2444 1945 2513 Lucilio

183 2563 288 2629 scribi
309 2563 433 2649 potnit,
467 2559 748 2646 quemadmodum
763 2538 812 2624 ¹in
833 2561 977 2626 Dantina
998 2564 1112 2627 tabula
1132 2565 1224 2629 sanci
1243 2564 1316 2627 sivo
1336 2565 1429 2629 sauci
1458 2582 1523 2650 pro
1544 2565 1632 2628 accio
1653 2564 1792 2650 legitur.
1833 2561 1944 2626 Acca-

184 2681 247 2763 dit,
281 2679 370 2768 quod
390 2681 569 2765 inscriptio
590 2690 705 2745 nostra
725 2682 819 2745 omni
839 2683 1014 2747 nominum
1034 2693 1171 2766 praeter
1191 2679 1292 2748 Losa·
1311 2700 1517 2767 praenomen
1537 2679 1795 2745 abbreviatione
1825 2689 1940 2745 caret:

184 2798 273 2866 uude
294 2797 418 2863 munit
436 2817 504 2857 non
526 2818 545 2858 e
566 2801 718 2884 genitivo
739 2774 954 2861 abbreviatus
976 2811 1042 2875 cst,
1075 2799 1133 2859 sed
1161 2820 1225 2879 pro
1251 2800 1391 2861 Lucilio
1404 2802 1559 2880 'scriptus
1582 2796 1702 2858 eodem
1721 2793 1841 2877 modo,
1873 2816 1945 2882 qno

183 2916 326 2986 Mutilus
346 2917 384 2979 in
405 2915 550 2977 nummis
571 2913 765 2978 Samniticis
786 2914 892 2980 Matil
912 2925 948 2980 et
966 2912 1109 2999 famulas
1130 2909 1313 2977 secuudum
1340 2911 1484 2976 Paulum
1503 2910 1695 2977 Diaconum
1713 2912 1815 2994 fornel
1832 2917 1946 2979 nomi·

184 3039 339 3104 nabetur.
382 3032 477 3099 Idem
508 3051 633 3097 nomeu
664 3052 684 3096 a
716 3028 855 3095 Graecis
885 3033 926 3095 A
932 3027 1126 3109 υυκίλιυς
1157 3032 1261 3095 scribi
1292 3031 1440 3113 solebat,
1471 3029 1561 3115 quod
1591 3050 1659 3094 uon
1689 3030 1801 3095 solum
1832 3032 1942 3119 equiti

183 3159 334 3221 Romano
355 3173 376 3218 e
395 3151 516 3216 Suessa
536 3151 778 3216 Auruncorum
800 3146 959 3229 oriundo,
990 3151 1174 3215 satirarum
1195 3147 1250 3210 illi
1271 3151 1445 3234 scriptori,
1467 3150 1545 3229 init,
1575 3147 1634 3213 sed
1655 3146 1735 3213 duci
1756 3166 1897 3235 quoque,
1919 3170 1944 3217 a

184 3294 250 3361 quo
272 3270 364 3359 apud
383 3269 522 3333 Paulum
543 3267 733 3332 Diaconum
753 3264 884 3333 Laconi
904 3266 1065 3353 appellati
1086 3265 1260 3346 dicuntur,
1288 3267 1352 3330 etsi
1372 3267 1499 3330 rectius
1519 3268 1662 3331 fortasse
1680 3267 1875 3332 amathim
1894 3264 1945 3334 ad

183 3392 345 3477 Dionysii
365 3387 497 3474 Perieg.
519 3388 595 3454 366.
618 3386 698 3451 coll.
720 3383 807 3453 Ptin.
828 3386 874 3448 Η.
898 3383 942 3450 N.
965 3383 1071 3466 111‚s.
1094 3383 1176 3463 (10.)
1205 3386 1398 3450 annotavitr
1428 3375 1476 3447 Ἡ
1492 3380 1531 3451 tl
1550 3388 1615 3450 τῶν
1632 3382 1816 3453 Λευκανῶν
1837 3382 1945 3465 πόλις

183 3501 346 3596 Λευκυὶυη
368 3505 562 3595 βαρυτόνως
581 3500 715 3591 ἐλέγετο
736 3495 807 3570 ἀπὸ
828 3496 982 3570 Λευκίου
1001 3495 1101 3583 τινός.
1144 3500 1294 3570 Lucilius
1307 3490 1454 3587 'IIirpns
1482 3521 1614 3587 qnoque
1634 3501 1726 3589 apud
1744 3500 1946 3571 Varronem

184 3631 224 3698 R.
246 3627 285 3695 R.
305 3626 437 3708 11,1.n
459 3624 595 3712 legitur,
616 3642 715 3706 quem
737 3622 825 3687 male
848 3621 888 3690 C.
908 3618 1083 3707 Loccojarn
1103 3622 1240 3689 Hirtam
1261 3623 1539 3708 interpretantur.
1573 3619 1764 3687 Secundum
1779 3619 1946 3688 Servium

186 3747 229 3815 ad
249 3747 351 3834 Virg.
372 3743 412 3809 Δ.
433 3739 496 3817 IX,
505 3746 579 3812 570.
602 3744 719 3831 lingua
741 3743 826 3807 Osca
844 3740 1001 3809 Lacetias
1030 3753 1081 3807 est
1102 3743 1237 3829 Jupiter
1263 3744 1336 3808 sive
1356 3743 1528 3827 Diespiter
1549 3739 1659 3806 dictus
1679 3759 1700 3803 a
1718 3739 1807 3821 luca,
1840 3759 1946 3824 qnam

185 3875 356 3956 praestare
377 3860 506 3926 dicitur
527 3860 737 3926 bominibus:
770 3861 849 3925 binc
869 3881 1074 3948 praenomen
1094 3860 1218 3928 Lanius
1238 3881 1369 3948 quoque
1390 3862 1515 3925 Oscum
1536 3868 1596 3940 est,
1618 3858 1678 3923 sed
1694 3856 1833 3927 Laeliis
1854 3859 1946 3924 scri·

184 3983 344 4066 bendum,
365 3977 646 4069 quemadmodum
666 3979 813 4062 Stabiae,
835 3978 924 4045 unde
944 3991 1014 4046 tam
1034 3978 1175 4048 Labieni
1195 4001 1293 4065 quam
1314 3975 1487 4046 Labeones
1507 3978 1734 4045 Romanorum
1752 3976 1945 4044 deducendi

185 4104 358 4184 videntur,
378 4101 509 4169 Stabiis
528 4101 701 4167 scribitur.
745 4101 935 4168 Hermian·
962 4097 1096 4165 dativus
1117 4110 1168 4165 est
1187 4118 1251 4186 pro
1272 4098 1448 4188 Erycinae,
1476 4094 1753 4184 quemadmodum
1773 4099 1809 4160 in
1830 4096 1944 4166 latere

187 4224 305 4290 coctili
331 4218 422 4306 apud
447 4219 637 4284 Marinium
665 4213 744 4286 Atti
775 4241 809 4306 p.
830 4223 902 4289 418.
923 4218 1133 4285 VENERVS
1162 4216 1324 4282 HERVG.
1354 4238 1418 4305 pro
1451 4216 1586 4285 Veneris
1604 4216 1773 4306 Erycinae
1798 4215 1940 4303 legitur.

186 4340 332 4426 Praffad
351 4342 423 4405 siva
439 4340 555 4424 pmfid
573 4341 610 4403 in
630 4339 775 4403 Bantina
795 4340 909 4404 tabula
930 4337 977 4418 V,
988 4341 1041 4408 30.
1064 4335 1354 4422 interpretandum
1376 4356 1447 4401 osse
1465 4334 1631 4420 probarit,
1657 4334 1821 4422 Iguvinae
1842 4335 1944 4399 tabu·

187 4465 242 4528 lae
264 4460 397 4543 docent,
417 4459 478 4523 ubi
498 4457 641 4548 πρυφε
663 4459 832 4541 111,a,27.
852 4457 958 4543 proba
978 4458 1153 4546 siguificat.
1198 4456 1287 4522 Tota
1307 4457 1416 4544 igitur
1437 4455 1616 4539 inscriptio
1637 4450 1801 4518 vertenda
1822 4455 1910 4519 erit:

352 4576 395 4646 L.
416 4576 545 4646 Slabt'is
565 4574 700 4661 Lankil,
720 4579 869 4646 Meddias
890 4577 1021 4654 tortiles,
1083 4575 1272 4641 barentaten
1333 4574 1520 4641 Hcmlss‘nai
1547 4570 1700 4656 pulfred.

352 4697 393 4762 1..
405 4695 538 4764 Slabius
549 4697 716 4779 Lucilius,
738 4697 878 4765 Msddix
888 4700 1025 4780 tuticus,
1047 4697 1328 4786 gratificationem
1347 4695 1514 4778 Erycinae
1534 4691 1703 4779 probavit.
