4244 5722
583 1818 1519 1922 Praefatio·

848 2130 1192 2141 m

310 2394 557 2542 'Explicatis
576 2442 756 2522 ¹omnibus
780 2448 1064 2558 inscriptionum
1088 2446 1348 2520 Umbricarum
1381 2451 1593 2524 nominibus
1620 2453 1796 2547 propriis,
1835 2456 1882 2527 ad

164 2604 312 2673 nomina
337 2600 548 2673 communia
572 2600 783 2694 progredior
814 2623 1014 2694 eorumque
1039 2600 1227 2694 flexiones,
1260 2601 1307 2672 ad
1332 2555 1421 2694 quas
1458 2565 1755 2676 demonstrandas
1786 2604 1881 2678 nihil

164 2755 282 2846 aptius
308 2763 363 2824 est
387 2776 498 2846 quam
523 2775 648 2845 preces
673 2750 712 2820 in
738 2752 855 2822 tribus
880 2752 1075 2846 postremis
1106 2750 1239 2822 tabulis
1274 2776 1357 2822 cum
1388 2753 1496 2823 variis
1522 2755 1798 2847 repetitionibus
1823 2782 1882 2828 ex·
1942 2740 1944 2744 Α

163 2904 307 2978 hibitae.
358 2903 435 2974 Has
461 2903 571 2996 igitur
595 2925 732 2996 preceS,
766 2870 922 2996 quarum
948 2904 1156 2997 praecipuas
1190 2905 1264 2994 jam
1290 2904 1486 2978 Lassenius
1513 2907 1700 2977 Professor
1723 2907 1763 2977 in
1787 2907 1882 2980 Rhe-

165 3019 266 3126 nano!
284 3055 414 3126 Museo
440 3051 662 3147 philologico
689 3078 709 3122 a
732 3052 930 3125 Welckero
957 3065 1064 3148 atque
1088 3055 1226 3126 Naekio
1251 3056 1406 3129 edito'a.
1439 3055 1544 3132 1833.
1577 3082 1616 3150 p.
1645 3055 1717 3131 360
1744 3083 1818 3153 sqq.
1846 3071 1883 3132 et

163 3234 192 3280 a.
225 3205 329 3282 1834.
355 3231 392 3301 p.
423 3177 488 3278 lll
519 3230 597 3301 sqq.
632 3199 861 3299 interpretari
886 3216 1035 3276 conatus
1061 3215 1124 3294 est,
1141 3181 1270 3294 ¹hujus
1295 3186 1490 3299 particulae
1516 3179 1772 3300 argumentum
1797 3210 1879 3283 leci.

162 3357 343 3430 Nonnulla
359 3355 555 3430 Lassenius
579 3357 712 3428 melius
731 3356 908 3429 intellexit
928 3339 1045 3452 'quam
1061 3356 1220 3428 Lanzius
1245 3357 1379 3452 aliique
1394 3356 1611 3429 hariolantes
1628 3362 1744 3454 magis
1755 3444 1757 3447 ¹
1770 3385 1880 3456 quam

161 3514 450 3606 interpretantes,
474 3509 590 3605 ,plura
615 3531 700 3579 vero
726 3507 785 3578 vel
822 3510 971 3582 omnino
1004 3534 1078 3580 non
1111 3507 1292 3600 enodavit,
1328 3509 1386 3580 vel
1421 3511 1574 3582 dubiosa
1607 3510 1765 3607 reliquit,
1804 3523 1880 3584 tam

162 3664 287 3736 multis
313 3662 532 3734 intermixtis
553 3662 751 3773 erroribus,
785 3671 951 3744 utnova
975 3661 1133 3756 quadam
1166 3663 1225 3733 via
1249 3663 1530 3756 ingrediendum
1564 3663 1658 3733 mihi
1684 3647 1876 3736 videretur.

65 3854 75 3872 ·
159 3820 286 3913 ltaque
311 3816 527 3910 comparatis
562 3815 733 3886 omnibus
764 3815 944 3909 precibus,
980 3839 1229 3910 quaecumque
1262 3815 1302 3885 in
1337 3816 1472 3908 quinta,
1506 3826 1615 3904 sexta,
1652 3817 1878 3912 septimaque

160 3967 293 4040 tabulis
317 3967 533 4062 perscriptae
564 3977 658 4055 sunt,
692 3967 854 4037 rectioris
879 3968 1186 4062 interpretationis
1221 3967 1458 4039 fundamenta
1482 3968 1644 4059 jacienda
1670 3970 1804 4063 putavi,
1843 3980 1878 4041 et

160 4121 244 4216 quia
263 4119 439 4230 pleraque
465 4116 614 4190 Catonis
640 4107 818 4209 Censorii,
856 4118 988 4190 tabulis
1022 4119 1184 4227 Iguvinis
1211 4120 1284 4191 lere
1316 4123 1510 4211 coaetanei,
1545 4118 1717 4215 precibus
1743 4119 1878 4191 similia

158 4275 294 4362 inveni,
328 4271 415 4363 illis,
446 4296 536 4369 quae
564 4269 654 4344 Cato
679 4273 804 4361 edidit,
843 4267 897 4344 ad'
913 4296 1037 4367 preces
1063 4257 1278 4342 tabularum'
1302 4282 1510 4371 nostrarum
1536 4271 1764 4367 explicandas
1788 4297 1876 4344 usus

160 4450 255 4515 sum,
281 4449 412 4520 parum
437 4448 580 4517 curans,
608 4425 698 4519 quid
721 4424 784 4496 alii
808 4435 890 4496 ante
916 4447 977 4504 me
1000 4421 1059 4495 vel
1084 4434 1179 4495 recte
1205 4422 1263 4495 vel
1288 4449 1481 4530 perperam
1506 4424 1753 4515 judicaverint.
1784 4425 1875 4497 Esse
1939 4468 1941 4473 ·

160 4579 311 4672 quidem
336 4573 522 4673 profiteor,
555 4600 647 4671 quae
679 4577 759 4681 ipss
784 4576 950 4648 nondum
980 4576 1065 4646 satis
1094 4574 1373 4693 intellexerim,
1401 4579 1463 4651 ssd
1490 4577 1577 4649 haec
1609 4599 1671 4647 me
1695 4575 1874 4671 impedire
1995 4603 2027 4687 ,δ’

157 4755 232 4801 non
257 4741 420 4838 possunt,
447 4753 519 4825 quo
536 4729 659 4799 minus
678 4752 718 4800 ea
735 4730 928 4824 proferam,
955 4752 1047 4824 quae
1066 4730 1195 4820 sentio,
1221 4730 1358 4825 quippe
1372 4754 1490 4825 quum
1509 4741 1583 4802 tam
1604 4752 1718 4825 pauca
1736 4730 1874 4801 incerte

158 4881 380 4977 reliquerim,
404 4891 447 4955 ut
470 4904 545 4954 non
560 4881 751 4954 universus
766 4879 888 4955 solum
905 4880 1103 4955 verborum
1118 4892 1305 4956 contextus
1321 4884 1480 4979 perspici
1497 4884 1625 4979 possit,
1641 4882 1706 4955 sed
1720 4878 1873 4977 singulis
