<?xml version="1.0" encoding="UTF-8"?>
<!DOCTYPE html PUBLIC "-//W3C//DTD XHTML 1.0 Transitional//EN"
    "http://www.w3.org/TR/xhtml1/DTD/xhtml1-transitional.dtd">
<html xmlns="http://www.w3.org/1999/xhtml" xml:lang="en" lang="en">
 <head>
  <title>
</title>
<meta http-equiv="Content-Type" content="text/html;charset=utf-8" />
  <meta name='ocr-system' content='tesseract 3.04.00' />
  <meta name='ocr-capabilities' content='ocr_page ocr_carea ocr_par ocr_line ocrx_word'/>
</head>
<body>
  <div class='ocr_page' id='page_1' title='image "./rudimentalingua00grotgoog_0054.png"; bbox 0 0 4244 5722; ppageno 0'>
   <div class='ocr_carea' id='block_1_1' title="bbox 934 604 1184 670">
    <p class='ocr_par' dir='ltr' id='par_1_1' title="bbox 934 604 1184 670">
     <span class='ocr_line' id='line_1_1' title="bbox 934 604 1184 670; baseline 0 -19"><span class='ocrx_word' id='word_1_1' title='bbox 934 604 1184 670; x_wconf 75' lang='lat'><strong>..43-</strong></span> 
     </span>
    </p>
   </div>
   <div class='ocr_carea' id='block_1_2' title="bbox 180 766 1946 2629">
    <p class='ocr_par' dir='ltr' id='par_1_2' title="bbox 180 766 1946 2629">
     <span class='ocr_line' id='line_1_2' title="bbox 183 766 1946 852; baseline -0.002 -15"><span class='ocrx_word' id='word_1_2' title='bbox 183 768 526 837; x_wconf 81' lang='lat' dir='ltr'><strong>modum‘relativum</strong></span> <span class='ocrx_word' id='word_1_3' title='bbox 547 766 747 832; x_wconf 75' lang='lat' dir='ltr'><strong>adverbium</strong></span> <span class='ocrx_word' id='word_1_4' title='bbox 769 766 838 850; x_wconf 73' lang='lat' dir='ltr'><strong>pos</strong></span> <span class='ocrx_word' id='word_1_5' title='bbox 866 768 902 830; x_wconf 87' lang='lat' dir='ltr'><strong>iu</strong></span> <span class='ocrx_word' id='word_1_6' title='bbox 931 768 1132 852; x_wconf 81' lang='lat' dir='ltr'><strong>Pompejana</strong></span> <span class='ocrx_word' id='word_1_7' title='bbox 1158 767 1392 851; x_wconf 78' lang='lat' dir='ltr'><strong>inscriptione,</strong></span> <span class='ocrx_word' id='word_1_8' title='bbox 1420 768 1457 831; x_wconf 90' lang='lat' dir='ltr'><strong>in</strong></span> <span class='ocrx_word' id='word_1_9' title='bbox 1477 767 1619 833; x_wconf 86' lang='lat' dir='ltr'><strong>Bantius</strong></span> <span class='ocrx_word' id='word_1_10' title='bbox 1639 779 1760 834; x_wconf 86' lang='lat' dir='ltr'><strong>contra</strong></span> <span class='ocrx_word' id='word_1_11' title='bbox 1779 769 1946 836; x_wconf 77' lang='lat' dir='ltr'><strong>tabulati</strong></span> 
     </span>
     <span class='ocr_line' id='line_1_3' title="bbox 181 883 1943 970; baseline -0.002 -15"><span class='ocrx_word' id='word_1_12' title='bbox 181 894 220 955; x_wconf 92' lang='lat' dir='ltr'><strong>in</strong></span> <span class='ocrx_word' id='word_1_13' title='bbox 239 891 306 953; x_wconf 86' lang='lat' dir='ltr'><strong>line</strong></span> <span class='ocrx_word' id='word_1_14' title='bbox 326 906 450 953; x_wconf 85' lang='lat' dir='ltr'><strong>vocum</strong></span> <span class='ocrx_word' id='word_1_15' title='bbox 471 883 549 950; x_wconf 91' lang='lat' dir='ltr'><strong>addi</strong></span> <span class='ocrx_word' id='word_1_16' title='bbox 570 887 685 950; x_wconf 80' lang='lat' dir='ltr'><strong>soleat.</strong></span> <span class='ocrx_word' id='word_1_17' title='bbox 731 884 761 952; x_wconf 81' lang='lat'><strong><em>0</em></strong></span> <span class='ocrx_word' id='word_1_18' title='bbox 781 887 839 950; x_wconf 87' lang='lat' dir='ltr'><strong>vel</strong></span> <span class='ocrx_word' id='word_1_19' title='bbox 858 883 900 952; x_wconf 88' lang='lat' dir='ltr'><em>K</em></span> <span class='ocrx_word' id='word_1_20' title='bbox 916 887 1015 951; x_wconf 88' lang='lat' dir='ltr'><strong>litera</strong></span> <span class='ocrx_word' id='word_1_21' title='bbox 1036 896 1173 969; x_wconf 87' lang='lat' dir='ltr'><strong>praeter</strong></span> <span class='ocrx_word' id='word_1_22' title='bbox 1192 886 1322 951; x_wconf 82' lang='lat' dir='ltr'><strong>Noolols</strong></span> <span class='ocrx_word' id='word_1_23' title='bbox 1340 906 1403 970; x_wconf 92' lang='lat' dir='ltr'><strong>pro</strong></span> <span class='ocrx_word' id='word_1_24' title='bbox 1424 886 1530 950; x_wconf 90' lang='lat' dir='ltr'><strong>locali</strong></span> <span class='ocrx_word' id='word_1_25' title='bbox 1548 887 1650 953; x_wconf 74' lang='lat' dir='ltr'><strong>Notat</strong></span> <span class='ocrx_word' id='word_1_26' title='bbox 1669 888 1732 952; x_wconf 92' lang='lat' dir='ltr'><strong>sub</strong></span> <span class='ocrx_word' id='word_1_27' title='bbox 1752 887 1943 953; x_wconf 75' lang='lat' dir='ltr'><strong>Abellanae</strong></span> 
     </span>
     <span class='ocr_line' id='line_1_4' title="bbox 182 1003 1943 1093; baseline 0.002 -22"><span class='ocrx_word' id='word_1_28' title='bbox 182 1007 415 1092; x_wconf 75' lang='lat' dir='ltr'><strong>inscriptionis</strong></span> <span class='ocrx_word' id='word_1_29' title='bbox 435 1006 535 1068; x_wconf 85' lang='lat' dir='ltr'><strong>finem</strong></span> <span class='ocrx_word' id='word_1_30' title='bbox 558 1025 659 1089; x_wconf 88' lang='lat' dir='ltr'><strong>quam</strong></span> <span class='ocrx_word' id='word_1_31' title='bbox 679 1007 824 1069; x_wconf 84' lang='lat' dir='ltr'><strong>maxime</strong></span> <span class='ocrx_word' id='word_1_32' title='bbox 845 1003 983 1069; x_wconf 88' lang='lat' dir='ltr'><strong>additur</strong></span> <span class='ocrx_word' id='word_1_33' title='bbox 1003 1005 1273 1089; x_wconf 89' lang='lat' dir='ltr'><strong>pronominibus,</strong></span> <span class='ocrx_word' id='word_1_34' title='bbox 1304 1015 1344 1069; x_wconf 91' lang='lat' dir='ltr'><strong>ut</strong></span> <span class='ocrx_word' id='word_1_35' title='bbox 1371 1008 1408 1068; x_wconf 90' lang='lat' dir='ltr'><strong>in</strong></span> <span class='ocrx_word' id='word_1_36' title='bbox 1434 1003 1514 1069; x_wconf 75' lang='lat' dir='ltr'><strong>skuli</strong></span> <span class='ocrx_word' id='word_1_37' title='bbox 1538 1004 1762 1093; x_wconf 76' lang='lat' dir='ltr'><strong>Pompeianae</strong></span> <span class='ocrx_word' id='word_1_38' title='bbox 1789 1027 1855 1093; x_wconf 89' lang='lat' dir='ltr'><strong>pro</strong></span> <span class='ocrx_word' id='word_1_39' title='bbox 1874 1008 1943 1089; x_wconf 72' lang='lat' dir='ltr'><strong>eka</strong></span> 
     </span>
     <span class='ocr_line' id='line_1_5' title="bbox 184 1122 1941 1219; baseline -0.001 -28"><span class='ocrx_word' id='word_1_40' title='bbox 184 1124 373 1209; x_wconf 82' lang='lat' dir='ltr'><strong>Campanae</strong></span> <span class='ocrx_word' id='word_1_41' title='bbox 394 1126 601 1208; x_wconf 76' lang='lat' dir='ltr'><strong>scriptionis.</strong></span> <span class='ocrx_word' id='word_1_42' title='bbox 623 1122 665 1190; x_wconf 93' lang='lat' dir='ltr'><strong><em>K</em></strong></span> <span class='ocrx_word' id='word_1_43' title='bbox 685 1134 760 1206; x_wconf 86' lang='lat' dir='ltr'><strong>etp</strong></span> <span class='ocrx_word' id='word_1_44' title='bbox 782 1126 963 1209; x_wconf 89' lang='lat' dir='ltr'><strong>praecipue</strong></span> <span class='ocrx_word' id='word_1_45' title='bbox 983 1125 1020 1186; x_wconf 91' lang='lat' dir='ltr'><strong>in</strong></span> <span class='ocrx_word' id='word_1_46' title='bbox 1042 1122 1297 1207; x_wconf 74' lang='lat' dir='ltr'><strong>pronominibus</strong></span> <span class='ocrx_word' id='word_1_47' title='bbox 1320 1124 1476 1219; x_wconf 75' lang='lat' dir='ltr'><strong>relativis</strong></span> <span class='ocrx_word' id='word_1_48' title='bbox 1488 1134 1734 1209; x_wconf 86' lang='lat' dir='ltr'><strong>permutantur,</strong></span> <span class='ocrx_word' id='word_1_49' title='bbox 1748 1146 1941 1211; x_wconf 82' lang='lat' dir='ltr'><strong>quanquam</strong></span> 
     </span>
     <span class='ocr_line' id='line_1_6' title="bbox 180 1240 1942 1330; baseline -0.002 -20"><span class='ocrx_word' id='word_1_50' title='bbox 180 1248 362 1330; x_wconf 83' lang='lat' dir='ltr'><strong>petiropsrt</strong></span> <span class='ocrx_word' id='word_1_51' title='bbox 385 1260 448 1326; x_wconf 88' lang='lat' dir='ltr'><strong>pro</strong></span> <span class='ocrx_word' id='word_1_52' title='bbox 471 1251 586 1325; x_wconf 80' lang='lat' dir='ltr'><strong>quater</strong></span> <span class='ocrx_word' id='word_1_53' title='bbox 606 1261 748 1326; x_wconf 90' lang='lat' dir='ltr'><strong>quoque,</strong></span> <span class='ocrx_word' id='word_1_54' title='bbox 771 1254 805 1306; x_wconf 89' lang='lat' dir='ltr'><strong>et</strong></span> <span class='ocrx_word' id='word_1_55' title='bbox 824 1241 887 1324; x_wconf 70' lang='lat' dir='ltr'><strong>suf</strong></span> <span class='ocrx_word' id='word_1_56' title='bbox 904 1258 967 1326; x_wconf 92' lang='lat' dir='ltr'><strong>pro</strong></span> <span class='ocrx_word' id='word_1_57' title='bbox 989 1244 1130 1325; x_wconf 82' lang='lat' dir='ltr'><strong>quinque</strong></span> <span class='ocrx_word' id='word_1_58' title='bbox 1149 1250 1348 1325; x_wconf 89' lang='lat' dir='ltr'><strong>usurpatum</strong></span> <span class='ocrx_word' id='word_1_59' title='bbox 1360 1241 1520 1328; x_wconf 75' lang='lat' dir='ltr'><strong>legimuss</strong></span> <span class='ocrx_word' id='word_1_60' title='bbox 1542 1240 1824 1326; x_wconf 75' lang='lat' dir='ltr'><strong>quemadmodum</strong></span> <span class='ocrx_word' id='word_1_61' title='bbox 1846 1244 1942 1307; x_wconf 84' lang='lat' dir='ltr'><strong>enim</strong></span> 
     </span>
     <span class='ocr_line' id='line_1_7' title="bbox 183 1359 1940 1447; baseline -0.001 -19"><span class='ocrx_word' id='word_1_62' title='bbox 183 1368 220 1428; x_wconf 93' lang='lat' dir='ltr'><strong>in</strong></span> <span class='ocrx_word' id='word_1_63' title='bbox 241 1362 448 1426; x_wconf 86' lang='lat' dir='ltr'><strong>Mamertina</strong></span> <span class='ocrx_word' id='word_1_64' title='bbox 469 1362 691 1445; x_wconf 86' lang='lat' dir='ltr'><strong>inscriptione</strong></span> <span class='ocrx_word' id='word_1_65' title='bbox 712 1360 751 1423; x_wconf 77' lang='lat' dir='ltr'><strong>ke</strong></span> <span class='ocrx_word' id='word_1_66' title='bbox 770 1379 834 1444; x_wconf 91' lang='lat' dir='ltr'><strong>pro</strong></span> <span class='ocrx_word' id='word_1_67' title='bbox 853 1380 898 1442; x_wconf 89' lang='lat' dir='ltr'><strong>po</strong></span> <span class='ocrx_word' id='word_1_68' title='bbox 925 1359 1018 1442; x_wconf 85' lang='lat' dir='ltr'><strong>(qun)</strong></span> <span class='ocrx_word' id='word_1_69' title='bbox 1048 1361 1197 1447; x_wconf 91' lang='lat' dir='ltr'><strong>positum</strong></span> <span class='ocrx_word' id='word_1_70' title='bbox 1221 1360 1422 1437; x_wconf 89' lang='lat' dir='ltr'><strong>invenimus,</strong></span> <span class='ocrx_word' id='word_1_71' title='bbox 1452 1361 1501 1423; x_wconf 89' lang='lat' dir='ltr'><strong>sic</strong></span> <span class='ocrx_word' id='word_1_72' title='bbox 1521 1362 1558 1422; x_wconf 91' lang='lat' dir='ltr'><strong>in</strong></span> <span class='ocrx_word' id='word_1_73' title='bbox 1578 1362 1743 1425; x_wconf 84' lang='lat' dir='ltr'><strong>Abellano</strong></span> <span class='ocrx_word' id='word_1_74' title='bbox 1763 1382 1844 1427; x_wconf 82' lang='lat' dir='ltr'><strong>saro</strong></span> <span class='ocrx_word' id='word_1_75' title='bbox 1865 1372 1940 1427; x_wconf 84' lang='lat' dir='ltr'><strong>tam</strong></span> 
     </span>
     <span class='ocr_line' id='line_1_8' title="bbox 183 1477 1941 1565; baseline -0.002 -17"><span class='ocrx_word' id='word_1_76' title='bbox 183 1482 310 1548; x_wconf 74' lang='lat' dir='ltr'><strong>ekkomo</strong></span> <span class='ocrx_word' id='word_1_77' title='bbox 331 1482 403 1544; x_wconf 83' lang='lat' dir='ltr'><strong>sive</strong></span> <span class='ocrx_word' id='word_1_78' title='bbox 426 1478 548 1545; x_wconf 70' lang='lat' dir='ltr'><strong>adsumi</strong></span> <span class='ocrx_word' id='word_1_79' title='bbox 569 1498 632 1564; x_wconf 93' lang='lat' dir='ltr'><strong>pro</strong></span> <span class='ocrx_word' id='word_1_80' title='bbox 656 1498 748 1559; x_wconf 86' lang='lat' dir='ltr'><strong>pom,</strong></span> <span class='ocrx_word' id='word_1_81' title='bbox 782 1498 881 1562; x_wconf 89' lang='lat' dir='ltr'><strong>quam</strong></span> <span class='ocrx_word' id='word_1_82' title='bbox 908 1480 1032 1560; x_wconf 78' lang='lat' dir='ltr'><strong>europei</strong></span> <span class='ocrx_word' id='word_1_83' title='bbox 1051 1496 1114 1562; x_wconf 90' lang='lat' dir='ltr'><strong>pro</strong></span> <span class='ocrx_word' id='word_1_84' title='bbox 1135 1479 1260 1541; x_wconf 84' lang='lat' dir='ltr'><strong>Latino</strong></span> <span class='ocrx_word' id='word_1_85' title='bbox 1282 1480 1383 1543; x_wconf 81' lang='lat' dir='ltr'><strong>elicui</strong></span> <span class='ocrx_word' id='word_1_86' title='bbox 1404 1477 1542 1565; x_wconf 75' lang='lat' dir='ltr'><strong>legitur.</strong></span> <span class='ocrx_word' id='word_1_87' title='bbox 1585 1478 1655 1543; x_wconf 86' lang='lat' dir='ltr'><strong>Etsi</strong></span> <span class='ocrx_word' id='word_1_88' title='bbox 1677 1500 1767 1562; x_wconf 79' lang='lat' dir='ltr'><strong>poor,</strong></span> <span class='ocrx_word' id='word_1_89' title='bbox 1799 1483 1829 1543; x_wconf 91' lang='lat' dir='ltr'><strong>si</strong></span> <span class='ocrx_word' id='word_1_90' title='bbox 1858 1500 1941 1545; x_wconf 84' lang='lat' dir='ltr'><strong>cum</strong></span> 
     </span>
     <span class='ocr_line' id='line_1_9' title="bbox 183 1593 1943 1681; baseline -0.002 -15"><span class='ocrx_word' id='word_1_91' title='bbox 183 1602 311 1666; x_wconf 74' lang='lat' dir='ltr'><strong>aldono</strong></span> <span class='ocrx_word' id='word_1_92' title='bbox 330 1600 403 1662; x_wconf 87' lang='lat' dir='ltr'><strong>sire</strong></span> <span class='ocrx_word' id='word_1_93' title='bbox 425 1598 547 1662; x_wconf 68' lang='lat' dir='ltr'><strong>eblum</strong></span> <span class='ocrx_word' id='word_1_94' title='bbox 566 1604 795 1681; x_wconf 88' lang='lat' dir='ltr'><strong>comparatur,</strong></span> <span class='ocrx_word' id='word_1_95' title='bbox 817 1615 881 1680; x_wconf 89' lang='lat' dir='ltr'><strong>pro</strong></span> <span class='ocrx_word' id='word_1_96' title='bbox 899 1616 992 1679; x_wconf 81' lang='lat' dir='ltr'><strong>ponte</strong></span> <span class='ocrx_word' id='word_1_97' title='bbox 1011 1598 1176 1681; x_wconf 89' lang='lat' dir='ltr'><strong>scriptum</strong></span> <span class='ocrx_word' id='word_1_98' title='bbox 1188 1594 1423 1681; x_wconf 88' lang='lat' dir='ltr'><strong>deprehendis,</strong></span> <span class='ocrx_word' id='word_1_99' title='bbox 1445 1593 1943 1680; x_wconf 74' lang='lat' dir='ltr'><strong>quemadmodumuaunorum</strong></span> 
     </span>
     <span class='ocr_line' id='line_1_10' title="bbox 184 1711 1945 1801; baseline -0.002 -18"><span class='ocrx_word' id='word_1_100' title='bbox 184 1720 380 1799; x_wconf 83' lang='lat' dir='ltr'><strong>conjunctio</strong></span> <span class='ocrx_word' id='word_1_101' title='bbox 403 1736 471 1781; x_wconf 84' lang='lat' dir='ltr'><strong>cum</strong></span> <span class='ocrx_word' id='word_1_102' title='bbox 492 1713 674 1779; x_wconf 89' lang='lat' dir='ltr'><strong>secundum</strong></span> <span class='ocrx_word' id='word_1_103' title='bbox 695 1711 862 1778; x_wconf 83' lang='lat' dir='ltr'><strong>Scaurum</strong></span> <span class='ocrx_word' id='word_1_104' title='bbox 883 1714 924 1778; x_wconf 90' lang='lat' dir='ltr'><strong>de</strong></span> <span class='ocrx_word' id='word_1_105' title='bbox 946 1715 1190 1801; x_wconf 78' lang='lat' dir='ltr'><strong>orthographia</strong></span> <span class='ocrx_word' id='word_1_106' title='bbox 1211 1734 1286 1801; x_wconf 75' lang='lat' dir='ltr'><strong>pag.</strong></span> <span class='ocrx_word' id='word_1_107' title='bbox 1309 1716 1403 1779; x_wconf 80' lang='lat'><strong>2261.</strong></span> <span class='ocrx_word' id='word_1_108' title='bbox 1427 1713 1479 1778; x_wconf 90' lang='lat' dir='ltr'><strong>ed.</strong></span> <span class='ocrx_word' id='word_1_109' title='bbox 1500 1714 1635 1780; x_wconf 87' lang='lat' dir='ltr'><strong>Putsch.</strong></span> <span class='ocrx_word' id='word_1_110' title='bbox 1658 1716 1695 1777; x_wconf 92' lang='lat' dir='ltr'><strong>in</strong></span> <span class='ocrx_word' id='word_1_111' title='bbox 1715 1714 1840 1781; x_wconf 85' lang='lat' dir='ltr'><strong>Saliari</strong></span> <span class='ocrx_word' id='word_1_112' title='bbox 1861 1736 1945 1781; x_wconf 84' lang='lat' dir='ltr'><strong>car-</strong></span> 
     </span>
     <span class='ocr_line' id='line_1_11' title="bbox 184 1830 1944 1914; baseline -0.003 -11"><span class='ocrx_word' id='word_1_113' title='bbox 184 1840 277 1903; x_wconf 86' lang='lat' dir='ltr'><strong>mine</strong></span> <span class='ocrx_word' id='word_1_114' title='bbox 300 1857 385 1901; x_wconf 74' lang='lat' dir='ltr'><strong>wmc</strong></span> <span class='ocrx_word' id='word_1_115' title='bbox 406 1834 637 1912; x_wconf 80' lang='lat' dir='ltr'><strong>scribebatur3</strong></span> <span class='ocrx_word' id='word_1_116' title='bbox 658 1852 726 1895; x_wconf 92' lang='lat' dir='ltr'><strong>nou</strong></span> <span class='ocrx_word' id='word_1_117' title='bbox 747 1844 858 1897; x_wconf 88' lang='lat' dir='ltr'><strong>tamen</strong></span> <span class='ocrx_word' id='word_1_118' title='bbox 879 1843 974 1897; x_wconf 90' lang='lat' dir='ltr'><strong>tauta</strong></span> <span class='ocrx_word' id='word_1_119' title='bbox 994 1835 1062 1895; x_wconf 87' lang='lat' dir='ltr'><strong>fuit</strong></span> <span class='ocrx_word' id='word_1_120' title='bbox 1083 1832 1248 1895; x_wconf 86' lang='lat' dir='ltr'><strong>Oscorum</strong></span> <span class='ocrx_word' id='word_1_121' title='bbox 1270 1834 1442 1897; x_wconf 86' lang='lat' dir='ltr'><strong>rusticitas</strong></span> <span class='ocrx_word' id='word_1_122' title='bbox 1462 1835 1499 1895; x_wconf 90' lang='lat' dir='ltr'><strong>in</strong></span> <span class='ocrx_word' id='word_1_123' title='bbox 1519 1830 1716 1914; x_wconf 88' lang='lat' dir='ltr'><strong>abjiciendis</strong></span> <span class='ocrx_word' id='word_1_124' title='bbox 1735 1836 1791 1898; x_wconf 81' lang='lat' dir='ltr'><strong>vel</strong></span> <span class='ocrx_word' id='word_1_125' title='bbox 1810 1833 1944 1899; x_wconf 88' lang='lat' dir='ltr'><strong>adden·</strong></span> 
     </span>
     <span class='ocr_line' id='line_1_12' title="bbox 183 1947 1945 2039; baseline -0.004 -17"><span class='ocrx_word' id='word_1_126' title='bbox 183 1957 236 2022; x_wconf 88' lang='lat' dir='ltr'><strong>dis</strong></span> <span class='ocrx_word' id='word_1_127' title='bbox 256 1958 380 2036; x_wconf 89' lang='lat' dir='ltr'><strong>literis,</strong></span> <span class='ocrx_word' id='word_1_128' title='bbox 403 1961 526 2038; x_wconf 88' lang='lat' dir='ltr'><strong>quanta</strong></span> <span class='ocrx_word' id='word_1_129' title='bbox 546 1951 755 2014; x_wconf 88' lang='lat' dir='ltr'><strong>Umbrorum</strong></span> <span class='ocrx_word' id='word_1_130' title='bbox 775 1954 812 2013; x_wconf 93' lang='lat' dir='ltr'><strong>in</strong></span> <span class='ocrx_word' id='word_1_131' title='bbox 824 1951 977 2039; x_wconf 77' lang='lat' dir='ltr'><strong>Iguvinis</strong></span> <span class='ocrx_word' id='word_1_132' title='bbox 998 1952 1135 2032; x_wconf 89' lang='lat' dir='ltr'><strong>tabulis,</strong></span> <span class='ocrx_word' id='word_1_133' title='bbox 1158 1954 1194 2013; x_wconf 92' lang='lat' dir='ltr'><strong>in</strong></span> <span class='ocrx_word' id='word_1_134' title='bbox 1215 1950 1336 2035; x_wconf 90' lang='lat' dir='ltr'><strong>quibus</strong></span> <span class='ocrx_word' id='word_1_135' title='bbox 1357 1947 1637 2015; x_wconf 82' lang='lat' dir='ltr'><strong>determinativas</strong></span> <span class='ocrx_word' id='word_1_136' title='bbox 1657 1970 1752 2015; x_wconf 86' lang='lat' dir='ltr'><strong>casus</strong></span> <span class='ocrx_word' id='word_1_137' title='bbox 1772 1972 1834 2035; x_wconf 92' lang='lat' dir='ltr'><strong>pro</strong></span> <span class='ocrx_word' id='word_1_138' title='bbox 1857 1955 1945 2015; x_wconf 88' lang='lat' dir='ltr'><strong>sim-</strong></span> 
     </span>
     <span class='ocr_line' id='line_1_13' title="bbox 183 2067 1944 2164; baseline -0.002 -25"><span class='ocrx_word' id='word_1_139' title='bbox 183 2078 268 2164; x_wconf 88' lang='lat' dir='ltr'><strong>plici</strong></span> <span class='ocrx_word' id='word_1_140' title='bbox 289 2095 309 2139; x_wconf 91' lang='lat' dir='ltr'><strong>o</strong></span> <span class='ocrx_word' id='word_1_141' title='bbox 330 2077 367 2136; x_wconf 92' lang='lat' dir='ltr'><strong>in</strong></span> <span class='ocrx_word' id='word_1_142' title='bbox 389 2091 449 2149; x_wconf 85' lang='lat' dir='ltr'><strong>ons,</strong></span> <span class='ocrx_word' id='word_1_143' title='bbox 471 2089 548 2148; x_wconf 88' lang='lat' dir='ltr'><strong>ome,</strong></span> <span class='ocrx_word' id='word_1_144' title='bbox 570 2088 677 2149; x_wconf 84' lang='lat' dir='ltr'><strong>omem,</strong></span> <span class='ocrx_word' id='word_1_145' title='bbox 698 2090 797 2144; x_wconf 86' lang='lat' dir='ltr'><strong>omen,</strong></span> <span class='ocrx_word' id='word_1_146' title='bbox 819 2091 901 2150; x_wconf 87' lang='lat' dir='ltr'><strong>omo,</strong></span> <span class='ocrx_word' id='word_1_147' title='bbox 923 2091 1038 2150; x_wconf 86' lang='lat' dir='ltr'><strong>omors,</strong></span> <span class='ocrx_word' id='word_1_148' title='bbox 1061 2069 1150 2155; x_wconf 88' lang='lat' dir='ltr'><strong>qnod</strong></span> <span class='ocrx_word' id='word_1_149' title='bbox 1172 2069 1257 2132; x_wconf 91' lang='lat' dir='ltr'><strong>Osco</strong></span> <span class='ocrx_word' id='word_1_150' title='bbox 1278 2070 1373 2133; x_wconf 87' lang='lat' dir='ltr'><strong>omod</strong></span> <span class='ocrx_word' id='word_1_151' title='bbox 1393 2067 1583 2153; x_wconf 89' lang='lat' dir='ltr'><strong>respondet,</strong></span> <span class='ocrx_word' id='word_1_152' title='bbox 1605 2071 1690 2143; x_wconf 68' lang='lat' dir='ltr'><strong>exit-3</strong></span> <span class='ocrx_word' id='word_1_153' title='bbox 1727 2070 1772 2133; x_wconf 84' lang='grc' dir='ltr'><em>Η</em></span> <span class='ocrx_word' id='word_1_154' title='bbox 1780 2070 1944 2135; x_wconf 86' lang='lat' dir='ltr'><strong>litera.in</strong></span> 
     </span>
     <span class='ocr_line' id='line_1_14' title="bbox 184 2186 1940 2273; baseline -0.004 -14"><span class='ocrx_word' id='word_1_155' title='bbox 184 2194 303 2259; x_wconf 83' lang='lat' dir='ltr'><strong>eltrod</strong></span> <span class='ocrx_word' id='word_1_156' title='bbox 321 2190 447 2273; x_wconf 78' lang='lat' dir='ltr'><strong>feiboss</strong></span> <span class='ocrx_word' id='word_1_157' title='bbox 467 2187 646 2250; x_wconf 81' lang='lat' dir='ltr'><strong>Abellanae</strong></span> <span class='ocrx_word' id='word_1_158' title='bbox 668 2186 800 2248; x_wconf 89' lang='lat' dir='ltr'><strong>tabulae</strong></span> <span class='ocrx_word' id='word_1_159' title='bbox 821 2198 855 2248; x_wconf 87' lang='lat' dir='ltr'><strong>ct</strong></span> <span class='ocrx_word' id='word_1_160' title='bbox 876 2199 997 2249; x_wconf 87' lang='lat' dir='ltr'><strong>contra</strong></span> <span class='ocrx_word' id='word_1_161' title='bbox 1017 2206 1147 2251; x_wconf 88' lang='lat' dir='ltr'><strong>morem</strong></span> <span class='ocrx_word' id='word_1_162' title='bbox 1169 2188 1343 2264; x_wconf 88' lang='lat' dir='ltr'><strong>inseritur,</strong></span> <span class='ocrx_word' id='word_1_163' title='bbox 1365 2197 1400 2250; x_wconf 88' lang='lat' dir='ltr'><strong>et</strong></span> <span class='ocrx_word' id='word_1_164' title='bbox 1420 2206 1484 2269; x_wconf 92' lang='lat' dir='ltr'><strong>pro</strong></span> <span class='ocrx_word' id='word_1_165' title='bbox 1507 2187 1660 2251; x_wconf 77' lang='lat' dir='ltr'><strong>cLatism</strong></span> <span class='ocrx_word' id='word_1_166' title='bbox 1679 2186 1848 2269; x_wconf 88' lang='lat' dir='ltr'><strong>scribitur,</strong></span> <span class='ocrx_word' id='word_1_167' title='bbox 1868 2206 1940 2273; x_wconf 90' lang='lat' dir='ltr'><strong>pro</strong></span> 
     </span>
     <span class='ocr_line' id='line_1_15' title="bbox 183 2302 1944 2397; baseline -0.005 -23"><span class='ocrx_word' id='word_1_168' title='bbox 183 2331 248 2397; x_wconf 89' lang='lat' dir='ltr'><strong>qua</strong></span> <span class='ocrx_word' id='word_1_169' title='bbox 267 2312 401 2372; x_wconf 88' lang='lat' dir='ltr'><strong>literam</strong></span> <span class='ocrx_word' id='word_1_170' title='bbox 423 2325 441 2368; x_wconf 87' lang='lat' dir='ltr'><strong>s</strong></span> <span class='ocrx_word' id='word_1_171' title='bbox 467 2303 568 2366; x_wconf 88' lang='lat' dir='ltr'><strong>habet</strong></span> <span class='ocrx_word' id='word_1_172' title='bbox 597 2305 696 2388; x_wconf 76' lang='lat' dir='ltr'><strong>fiisse</strong></span> <span class='ocrx_word' id='word_1_173' title='bbox 723 2322 861 2383; x_wconf 69' lang='lat' dir='ltr'><strong>nomen,</strong></span> <span class='ocrx_word' id='word_1_174' title='bbox 906 2302 963 2367; x_wconf 89' lang='lat' dir='ltr'><strong>sed</strong></span> <span class='ocrx_word' id='word_1_175' title='bbox 990 2324 1097 2388; x_wconf 90' lang='lat' dir='ltr'><strong>neque</strong></span> <span class='ocrx_word' id='word_1_176' title='bbox 1123 2302 1331 2367; x_wconf 87' lang='lat' dir='ltr'><strong>Umbrorum</strong></span> <span class='ocrx_word' id='word_1_177' title='bbox 1359 2320 1455 2364; x_wconf 89' lang='lat' dir='ltr'><strong>more</strong></span> <span class='ocrx_word' id='word_1_178' title='bbox 1474 2306 1611 2367; x_wconf 87' lang='lat' dir='ltr'><strong>nomina</strong></span> <span class='ocrx_word' id='word_1_179' title='bbox 1636 2305 1849 2391; x_wconf 85' lang='lat' dir='ltr'><strong>aspirationis</strong></span> <span class='ocrx_word' id='word_1_180' title='bbox 1870 2324 1944 2387; x_wconf 88' lang='lat' dir='ltr'><strong>ope</strong></span> 
     </span>
     <span class='ocr_line' id='line_1_16' title="bbox 184 2419 1945 2507; baseline -0.004 -15"><span class='ocrx_word' id='word_1_181' title='bbox 184 2428 382 2501; x_wconf 84' lang='lat' dir='ltr'><strong>dilatantur,</strong></span> <span class='ocrx_word' id='word_1_182' title='bbox 404 2439 512 2505; x_wconf 90' lang='lat' dir='ltr'><strong>neque</strong></span> <span class='ocrx_word' id='word_1_183' title='bbox 534 2419 744 2483; x_wconf 89' lang='lat' dir='ltr'><strong>Graecorum</strong></span> <span class='ocrx_word' id='word_1_184' title='bbox 765 2421 1007 2485; x_wconf 92' lang='lat' dir='ltr'><strong>consuetudine</strong></span> <span class='ocrx_word' id='word_1_185' title='bbox 1036 2422 1216 2487; x_wconf 87' lang='lat' dir='ltr'><strong>sinitialis</strong></span> <span class='ocrx_word' id='word_1_186' title='bbox 1237 2422 1274 2482; x_wconf 91' lang='lat' dir='ltr'><strong>in</strong></span> <span class='ocrx_word' id='word_1_187' title='bbox 1303 2420 1543 2505; x_wconf 87' lang='lat' dir='ltr'><strong>aspirationem</strong></span> <span class='ocrx_word' id='word_1_188' title='bbox 1572 2432 1742 2489; x_wconf 79' lang='lat' dir='ltr'><strong>mutatur:</strong></span> <span class='ocrx_word' id='word_1_189' title='bbox 1773 2425 1857 2507; x_wconf 93' lang='lat' dir='ltr'><strong>quin</strong></span> <span class='ocrx_word' id='word_1_190' title='bbox 1888 2440 1945 2485; x_wconf 80' lang='lat' dir='ltr'><strong>urs</strong></span> 
     </span>
     <span class='ocr_line' id='line_1_17' title="bbox 182 2506 1490 2629; baseline -0.006 -19"><span class='ocrx_word' id='word_1_191' title='bbox 182 2548 256 2612; x_wconf 85' lang='lat' dir='ltr'><strong>sive</strong></span> <span class='ocrx_word' id='word_1_192' title='bbox 280 2566 300 2610; x_wconf 84' lang='lat' dir='ltr'><strong>a</strong></span> <span class='ocrx_word' id='word_1_193' title='bbox 307 2562 369 2625; x_wconf 87' lang='grc' dir='ltr'><strong>μω</strong></span> <span class='ocrx_word' id='word_1_194' title='bbox 391 2558 455 2629; x_wconf 89' lang='lat' dir='ltr'><strong>pro</strong></span> <span class='ocrx_word' id='word_1_195' title='bbox 476 2557 562 2604; x_wconf 87' lang='lat' dir='ltr'><strong>some</strong></span> <span class='ocrx_word' id='word_1_196' title='bbox 583 2536 789 2604; x_wconf 89' lang='lat' dir='ltr'><strong>Umbrorum</strong></span> <span class='ocrx_word' id='word_1_197' title='bbox 812 2540 869 2605; x_wconf 88' lang='lat' dir='ltr'><strong>vel</strong></span> <span class='ocrx_word' id='word_1_198' title='bbox 890 2506 1225 2623; x_wconf 60' lang='lat' dir='ltr'><strong>duodGraecorum</strong></span> <span class='ocrx_word' id='word_1_199' title='bbox 1246 2539 1410 2621; x_wconf 90' lang='lat' dir='ltr'><strong>scriptum</strong></span> <span class='ocrx_word' id='word_1_200' title='bbox 1431 2548 1490 2603; x_wconf 69' lang='lat' dir='ltr'><strong>esa</strong></span> 
     </span>
    </p>
   </div>
   <div class='ocr_carea' id='block_1_3' title="bbox 184 2765 1944 5006">
    <p class='ocr_par' dir='ltr' id='par_1_3' title="bbox 798 2765 1336 2861">
     <span class='ocr_line' id='line_1_18' title="bbox 798 2765 1336 2861; baseline 0 -18"><span class='ocrx_word' id='word_1_201' title='bbox 798 2769 837 2844; x_wconf 85' lang='lat'><strong>2.</strong></span> <span class='ocrx_word' id='word_1_202' title='bbox 889 2768 950 2845; x_wconf 87' lang='lat' dir='ltr'><strong>Dc</strong></span> <span class='ocrx_word' id='word_1_203' title='bbox 973 2767 1165 2843; x_wconf 82' lang='lat' dir='ltr'><strong>verborum</strong></span> <span class='ocrx_word' id='word_1_204' title='bbox 1188 2765 1336 2861; x_wconf 80' lang='lat' dir='ltr'><strong>formis.</strong></span> 
     </span>
    </p>

    <p class='ocr_par' dir='ltr' id='par_1_4' title="bbox 184 2895 1944 5006">
     <span class='ocr_line' id='line_1_19' title="bbox 354 2895 1940 2989; baseline -0.004 -22"><span class='ocrx_word' id='word_1_205' title='bbox 354 2904 441 2967; x_wconf 90' lang='lat' dir='ltr'><strong>Osca</strong></span> <span class='ocrx_word' id='word_1_206' title='bbox 463 2900 579 2989; x_wconf 82' lang='lat' dir='ltr'><strong>lingua</strong></span> <span class='ocrx_word' id='word_1_207' title='bbox 600 2902 741 2965; x_wconf 85' lang='lat' dir='ltr'><strong>Latinae</strong></span> <span class='ocrx_word' id='word_1_208' title='bbox 762 2904 872 2965; x_wconf 83' lang='lat' dir='ltr'><strong>veteri</strong></span> <span class='ocrx_word' id='word_1_209' title='bbox 892 2911 962 2965; x_wconf 91' lang='lat' dir='ltr'><strong>tam</strong></span> <span class='ocrx_word' id='word_1_210' title='bbox 988 2902 1112 2965; x_wconf 88' lang='lat' dir='ltr'><strong>similis</strong></span> <span class='ocrx_word' id='word_1_211' title='bbox 1140 2902 1217 2980; x_wconf 83' lang='lat' dir='ltr'><strong>fuit,</strong></span> <span class='ocrx_word' id='word_1_212' title='bbox 1249 2910 1290 2965; x_wconf 84' lang='lat' dir='ltr'><strong>ut</strong></span> <span class='ocrx_word' id='word_1_213' title='bbox 1319 2895 1550 2987; x_wconf 75' lang='lat' dir='ltr'><strong>paradigmata</strong></span> <span class='ocrx_word' id='word_1_214' title='bbox 1580 2895 1744 2981; x_wconf 84' lang='lat' dir='ltr'><strong>quaedam</strong></span> <span class='ocrx_word' id='word_1_215' title='bbox 1774 2896 1940 2979; x_wconf 85' lang='lat' dir='ltr'><strong>exhiberi,</strong></span> 
     </span>
     <span class='ocr_line' id='line_1_20' title="bbox 186 3014 1939 3106; baseline -0.001 -22"><span class='ocrx_word' id='word_1_216' title='bbox 186 3016 288 3105; x_wconf 90' lang='lat' dir='ltr'><strong>quod,</strong></span> <span class='ocrx_word' id='word_1_217' title='bbox 319 3022 398 3103; x_wconf 88' lang='lat' dir='ltr'><strong>quia</strong></span> <span class='ocrx_word' id='word_1_218' title='bbox 420 3017 462 3082; x_wconf 91' lang='lat' dir='ltr'><strong>de</strong></span> <span class='ocrx_word' id='word_1_219' title='bbox 490 3020 607 3083; x_wconf 89' lang='lat' dir='ltr'><strong>multis</strong></span> <span class='ocrx_word' id='word_1_220' title='bbox 629 3020 781 3106; x_wconf 88' lang='lat' dir='ltr'><strong>exempla</strong></span> <span class='ocrx_word' id='word_1_221' title='bbox 803 3019 933 3100; x_wconf 88' lang='lat' dir='ltr'><strong>desunt,</strong></span> <span class='ocrx_word' id='word_1_222' title='bbox 961 3039 1030 3082; x_wconf 93' lang='lat' dir='ltr'><strong>non</strong></span> <span class='ocrx_word' id='word_1_223' title='bbox 1051 3022 1122 3081; x_wconf 91' lang='lat' dir='ltr'><strong>sine</strong></span> <span class='ocrx_word' id='word_1_224' title='bbox 1144 3018 1287 3098; x_wconf 88' lang='lat' dir='ltr'><strong>lacunis,</strong></span> <span class='ocrx_word' id='word_1_225' title='bbox 1317 3028 1416 3102; x_wconf 88' lang='lat' dir='ltr'><strong>atque</strong></span> <span class='ocrx_word' id='word_1_226' title='bbox 1437 3026 1577 3102; x_wconf 88' lang='lat' dir='ltr'><strong>propter</strong></span> <span class='ocrx_word' id='word_1_227' title='bbox 1597 3015 1819 3081; x_wconf 87' lang='lat' dir='ltr'><strong>dialectorum</strong></span> <span class='ocrx_word' id='word_1_228' title='bbox 1841 3014 1939 3083; x_wconf 74' lang='lat' dir='ltr'><strong>diffe-</strong></span> 
     </span>
     <span class='ocr_line' id='line_1_21' title="bbox 185 3136 1939 3224; baseline -0.001 -23"><span class='ocrx_word' id='word_1_229' title='bbox 185 3140 330 3202; x_wconf 89' lang='lat' dir='ltr'><strong>rentiam</strong></span> <span class='ocrx_word' id='word_1_230' title='bbox 350 3137 407 3202; x_wconf 77' lang='lat' dir='ltr'><strong>vel</strong></span> <span class='ocrx_word' id='word_1_231' title='bbox 427 3147 570 3222; x_wconf 89' lang='lat' dir='ltr'><strong>propter</strong></span> <span class='ocrx_word' id='word_1_232' title='bbox 592 3138 746 3202; x_wconf 91' lang='lat' dir='ltr'><strong>locorum</strong></span> <span class='ocrx_word' id='word_1_233' title='bbox 772 3140 937 3201; x_wconf 90' lang='lat' dir='ltr'><strong>similium</strong></span> <span class='ocrx_word' id='word_1_234' title='bbox 964 3139 1071 3200; x_wconf 76' lang='lat' dir='ltr'><strong>variis</strong></span> <span class='ocrx_word' id='word_1_235' title='bbox 1098 3136 1207 3200; x_wconf 88' lang='lat' dir='ltr'><strong>modis</strong></span> <span class='ocrx_word' id='word_1_236' title='bbox 1229 3139 1452 3221; x_wconf 88' lang='lat' dir='ltr'><strong>repetitorum</strong></span> <span class='ocrx_word' id='word_1_237' title='bbox 1474 3138 1624 3222; x_wconf 88' lang='lat' dir='ltr'><strong>inopiam</strong></span> <span class='ocrx_word' id='word_1_238' title='bbox 1644 3153 1712 3199; x_wconf 93' lang='lat' dir='ltr'><strong>non</strong></span> <span class='ocrx_word' id='word_1_239' title='bbox 1733 3136 1806 3200; x_wconf 90' lang='lat' dir='ltr'><strong>sine</strong></span> <span class='ocrx_word' id='word_1_240' title='bbox 1827 3136 1939 3224; x_wconf 66' lang='lat' dir='ltr'><strong>longis</strong></span> 
     </span>
     <span class='ocr_line' id='line_1_22' title="bbox 184 3254 1942 3342; baseline -0.002 -21"><span class='ocrx_word' id='word_1_241' title='bbox 184 3255 479 3321; x_wconf 84' lang='lat' dir='ltr'><strong>dissertationibus</strong></span> <span class='ocrx_word' id='word_1_242' title='bbox 502 3258 638 3341; x_wconf 89' lang='lat' dir='ltr'><strong>exsequi</strong></span> <span class='ocrx_word' id='word_1_243' title='bbox 658 3257 751 3335; x_wconf 88' lang='lat' dir='ltr'><strong>licet,</strong></span> <span class='ocrx_word' id='word_1_244' title='bbox 781 3255 885 3328; x_wconf 67' lang='lat' dir='ltr'><strong>haud,</strong></span> <span class='ocrx_word' id='word_1_245' title='bbox 899 3256 1123 3319; x_wconf 88' lang='lat' dir='ltr'><strong>necessarium</strong></span> <span class='ocrx_word' id='word_1_246' title='bbox 1149 3256 1347 3319; x_wconf 83' lang='lat' dir='ltr'><strong>existimem.</strong></span> <span class='ocrx_word' id='word_1_247' title='bbox 1391 3254 1501 3317; x_wconf 88' lang='lat' dir='ltr'><strong>Pauca</strong></span> <span class='ocrx_word' id='word_1_248' title='bbox 1526 3255 1635 3342; x_wconf 80' lang='lat' dir='ltr'><strong>igitur</strong></span> <span class='ocrx_word' id='word_1_249' title='bbox 1654 3255 1822 3319; x_wconf 85' lang='lat' dir='ltr'><strong>monuisse</strong></span> <span class='ocrx_word' id='word_1_250' title='bbox 1842 3254 1942 3318; x_wconf 82' lang='lat' dir='ltr'><strong>suffi-</strong></span> 
     </span>
     <span class='ocr_line' id='line_1_23' title="bbox 184 3371 1941 3462; baseline -0.001 -23"><span class='ocrx_word' id='word_1_251' title='bbox 184 3377 265 3455; x_wconf 84' lang='lat' dir='ltr'><strong>ciat,</strong></span> <span class='ocrx_word' id='word_1_252' title='bbox 287 3373 377 3437; x_wconf 89' lang='lat' dir='ltr'><strong>unde</strong></span> <span class='ocrx_word' id='word_1_253' title='bbox 399 3373 479 3436; x_wconf 88' lang='lat' dir='ltr'><strong>Osci</strong></span> <span class='ocrx_word' id='word_1_254' title='bbox 498 3377 663 3438; x_wconf 87' lang='lat' dir='ltr'><strong>sermonis</strong></span> <span class='ocrx_word' id='word_1_255' title='bbox 690 3373 820 3437; x_wconf 92' lang='lat' dir='ltr'><strong>indoles</strong></span> <span class='ocrx_word' id='word_1_256' title='bbox 848 3377 989 3460; x_wconf 88' lang='lat' dir='ltr'><strong>propria</strong></span> <span class='ocrx_word' id='word_1_257' title='bbox 1016 3384 1247 3462; x_wconf 78' lang='lat' dir='ltr'><strong>cognoscatur.</strong></span> <span class='ocrx_word' id='word_1_258' title='bbox 1292 3371 1465 3458; x_wconf 88' lang='lat' dir='ltr'><strong>Imprimis</strong></span> <span class='ocrx_word' id='word_1_259' title='bbox 1491 3372 1656 3438; x_wconf 88' lang='lat' dir='ltr'><strong>notandus</strong></span> <span class='ocrx_word' id='word_1_260' title='bbox 1683 3382 1736 3437; x_wconf 91' lang='lat' dir='ltr'><strong>est</strong></span> <span class='ocrx_word' id='word_1_261' title='bbox 1759 3374 1941 3437; x_wconf 85' lang='lat' dir='ltr'><strong>nominum</strong></span> 
     </span>
     <span class='ocr_line' id='line_1_24' title="bbox 184 3488 1944 3578; baseline -0.001 -22"><span class='ocrx_word' id='word_1_262' title='bbox 184 3495 406 3578; x_wconf 90' lang='lat' dir='ltr'><strong>propriorum</strong></span> <span class='ocrx_word' id='word_1_263' title='bbox 427 3512 520 3572; x_wconf 86' lang='lat' dir='ltr'><strong>usus,</strong></span> <span class='ocrx_word' id='word_1_264' title='bbox 542 3494 578 3555; x_wconf 89' lang='lat' dir='ltr'><strong>in</strong></span> <span class='ocrx_word' id='word_1_265' title='bbox 601 3513 667 3576; x_wconf 91' lang='lat' dir='ltr'><strong>quo</strong></span> <span class='ocrx_word' id='word_1_266' title='bbox 688 3493 753 3555; x_wconf 91' lang='lat' dir='ltr'><strong>hoc</strong></span> <span class='ocrx_word' id='word_1_267' title='bbox 775 3496 956 3578; x_wconf 87' lang='lat' dir='ltr'><strong>praecipue</strong></span> <span class='ocrx_word' id='word_1_268' title='bbox 971 3494 1067 3556; x_wconf 86' lang='lat' dir='ltr'><strong>Oscis</strong></span> <span class='ocrx_word' id='word_1_269' title='bbox 1089 3513 1167 3555; x_wconf 86' lang='lat' dir='ltr'><strong>cuns</strong></span> <span class='ocrx_word' id='word_1_270' title='bbox 1186 3492 1262 3555; x_wconf 90' lang='lat' dir='ltr'><strong>aliis</strong></span> <span class='ocrx_word' id='word_1_271' title='bbox 1284 3488 1435 3572; x_wconf 86' lang='lat' dir='ltr'><strong>ejusdem</strong></span> <span class='ocrx_word' id='word_1_272' title='bbox 1456 3491 1573 3576; x_wconf 90' lang='lat' dir='ltr'><strong>stirpis</strong></span> <span class='ocrx_word' id='word_1_273' title='bbox 1594 3491 1783 3556; x_wconf 80' lang='lat' dir='ltr'><strong>husonicae</strong></span> <span class='ocrx_word' id='word_1_274' title='bbox 1802 3491 1944 3577; x_wconf 86' lang='lat' dir='ltr'><strong>populis</strong></span> 
     </span>
     <span class='ocr_line' id='line_1_25' title="bbox 185 3607 1941 3692; baseline -0.001 -17"><span class='ocrx_word' id='word_1_275' title='bbox 185 3630 363 3676; x_wconf 90' lang='lat' dir='ltr'><strong>commune</strong></span> <span class='ocrx_word' id='word_1_276' title='bbox 384 3611 459 3685; x_wconf 83' lang='lat' dir='ltr'><strong>fuit,</strong></span> <span class='ocrx_word' id='word_1_277' title='bbox 490 3620 529 3674; x_wconf 89' lang='lat' dir='ltr'><strong>ut</strong></span> <span class='ocrx_word' id='word_1_278' title='bbox 557 3622 615 3675; x_wconf 87' lang='lat' dir='ltr'><strong>aut</strong></span> <span class='ocrx_word' id='word_1_279' title='bbox 645 3612 778 3674; x_wconf 90' lang='lat' dir='ltr'><strong>nullum</strong></span> <span class='ocrx_word' id='word_1_280' title='bbox 805 3632 929 3675; x_wconf 90' lang='lat' dir='ltr'><strong>nomen</strong></span> <span class='ocrx_word' id='word_1_281' title='bbox 949 3614 985 3674; x_wconf 92' lang='lat' dir='ltr'><strong>in</strong></span> <span class='ocrx_word' id='word_1_282' title='bbox 1006 3616 1059 3677; x_wconf 80' lang='lat' dir='ltr'><strong>ius</strong></span> <span class='ocrx_word' id='word_1_283' title='bbox 1080 3614 1204 3691; x_wconf 84' lang='lat' dir='ltr'><strong>exiens,</strong></span> <span class='ocrx_word' id='word_1_284' title='bbox 1233 3621 1273 3676; x_wconf 90' lang='lat' dir='ltr'><strong>ut</strong></span> <span class='ocrx_word' id='word_1_285' title='bbox 1299 3610 1445 3689; x_wconf 82' lang='lat' dir='ltr'><strong>V(olcro)</strong></span> <span class='ocrx_word' id='word_1_286' title='bbox 1465 3608 1612 3689; x_wconf 86' lang='lat' dir='ltr'><strong>Meu(u)s</strong></span> <span class='ocrx_word' id='word_1_287' title='bbox 1631 3610 1794 3676; x_wconf 71' lang='lat' dir='ltr'><strong>Mettensi</strong></span> <span class='ocrx_word' id='word_1_288' title='bbox 1814 3607 1941 3692; x_wconf 79' lang='lat' dir='ltr'><strong>(filius)</strong></span> 
     </span>
     <span class='ocr_line' id='line_1_26' title="bbox 186 3727 1942 3815; baseline -0.002 -21"><span class='ocrx_word' id='word_1_289' title='bbox 186 3740 221 3796; x_wconf 85' lang='lat' dir='ltr'><strong>et</strong></span> <span class='ocrx_word' id='word_1_290' title='bbox 247 3731 285 3799; x_wconf 74' lang='lat' dir='ltr'><strong>V.</strong></span> <span class='ocrx_word' id='word_1_291' title='bbox 308 3728 477 3796; x_wconf 78' lang='lat' dir='ltr'><strong>Audimus</strong></span> <span class='ocrx_word' id='word_1_292' title='bbox 498 3728 544 3791; x_wconf 92' lang='lat' dir='ltr'><strong>V.</strong></span> <span class='ocrx_word' id='word_1_293' title='bbox 568 3730 774 3814; x_wconf 81' lang='lat' dir='ltr'><strong>Pompeiani,</strong></span> <span class='ocrx_word' id='word_1_294' title='bbox 796 3742 854 3794; x_wconf 89' lang='lat' dir='ltr'><strong>aut</strong></span> <span class='ocrx_word' id='word_1_295' title='bbox 874 3727 942 3793; x_wconf 92' lang='lat' dir='ltr'><strong>duo</strong></span> <span class='ocrx_word' id='word_1_296' title='bbox 963 3734 1102 3794; x_wconf 90' lang='lat' dir='ltr'><strong>nomina</strong></span> <span class='ocrx_word' id='word_1_297' title='bbox 1122 3727 1272 3813; x_wconf 85' lang='lat' dir='ltr'><strong>ejusdem</strong></span> <span class='ocrx_word' id='word_1_298' title='bbox 1292 3730 1540 3794; x_wconf 86' lang='lat' dir='ltr'><strong>terminationis</strong></span> <span class='ocrx_word' id='word_1_299' title='bbox 1560 3732 1604 3796; x_wconf 81' lang='lat' dir='ltr'><strong>iis</strong></span> <span class='ocrx_word' id='word_1_300' title='bbox 1631 3728 1665 3795; x_wconf 92' lang='lat' dir='ltr'><strong>h.</strong></span> <span class='ocrx_word' id='word_1_301' title='bbox 1689 3748 1718 3793; x_wconf 85' lang='lat' dir='ltr'><strong>c·</strong></span> <span class='ocrx_word' id='word_1_302' title='bbox 1738 3729 1792 3793; x_wconf 80' lang='lat' dir='ltr'><strong>ios</strong></span> <span class='ocrx_word' id='word_1_303' title='bbox 1812 3744 1942 3815; x_wconf 77' lang='lat' dir='ltr'><strong>gerere</strong></span> 
     </span>
     <span class='ocr_line' id='line_1_27' title="bbox 185 3844 1943 3937; baseline -0.004 -21"><span class='ocrx_word' id='word_1_304' title='bbox 185 3852 348 3930; x_wconf 89' lang='lat' dir='ltr'><strong>solerent,</strong></span> <span class='ocrx_word' id='word_1_305' title='bbox 369 3859 410 3912; x_wconf 86' lang='lat' dir='ltr'><strong>ut</strong></span> <span class='ocrx_word' id='word_1_306' title='bbox 428 3845 531 3913; x_wconf 77' lang='lat' dir='ltr'><strong>Palu</strong></span> <span class='ocrx_word' id='word_1_307' title='bbox 555 3847 588 3915; x_wconf 90' lang='grc' dir='ltr'><strong><em>Τ</em></strong></span> <span class='ocrx_word' id='word_1_308' title='bbox 584 3852 713 3914; x_wconf 80' lang='lat' dir='ltr'><strong>intiriis</strong></span> <span class='ocrx_word' id='word_1_309' title='bbox 736 3848 825 3933; x_wconf 89' lang='lat' dir='ltr'><strong>apud</strong></span> <span class='ocrx_word' id='word_1_310' title='bbox 845 3850 1024 3930; x_wconf 81' lang='lat' dir='ltr'><strong>Lanziurn,</strong></span> <span class='ocrx_word' id='word_1_311' title='bbox 1056 3850 1112 3912; x_wconf 92' lang='lat' dir='ltr'><strong>cui</strong></span> <span class='ocrx_word' id='word_1_312' title='bbox 1133 3851 1170 3912; x_wconf 90' lang='lat' dir='ltr'><strong>in</strong></span> <span class='ocrx_word' id='word_1_313' title='bbox 1192 3850 1354 3913; x_wconf 80' lang='lat' dir='ltr'><strong>feminino</strong></span> <span class='ocrx_word' id='word_1_314' title='bbox 1375 3867 1497 3937; x_wconf 79' lang='lat' dir='ltr'><strong>genere</strong></span> <span class='ocrx_word' id='word_1_315' title='bbox 1518 3849 1591 3931; x_wconf 87' lang='lat' dir='ltr'><strong>Eps</strong></span> <span class='ocrx_word' id='word_1_316' title='bbox 1610 3844 1762 3926; x_wconf 75' lang='lat' dir='ltr'><strong>Latinos,</strong></span> <span class='ocrx_word' id='word_1_317' title='bbox 1794 3849 1943 3911; x_wconf 64' lang='lat' dir='ltr'><strong>fortune</strong></span> 
     </span>
     <span class='ocr_line' id='line_1_28' title="bbox 186 3963 1942 4052; baseline -0.004 -18"><span class='ocrx_word' id='word_1_318' title='bbox 186 3972 291 4034; x_wconf 88' lang='lat' dir='ltr'><strong>etiam</strong></span> <span class='ocrx_word' id='word_1_319' title='bbox 322 3968 419 4033; x_wconf 81' lang='lat' dir='ltr'><strong>Maio</strong></span> <span class='ocrx_word' id='word_1_320' title='bbox 446 3966 564 4033; x_wconf 83' lang='lat' dir='ltr'><strong>Itilnio</strong></span> <span class='ocrx_word' id='word_1_321' title='bbox 591 3967 783 4052; x_wconf 89' lang='lat' dir='ltr'><strong>respondet.</strong></span> <span class='ocrx_word' id='word_1_322' title='bbox 842 3969 962 4032; x_wconf 89' lang='lat' dir='ltr'><strong>Rarius</strong></span> <span class='ocrx_word' id='word_1_323' title='bbox 1001 3967 1200 4032; x_wconf 84' lang='lat' dir='ltr'><strong>observatur</strong></span> <span class='ocrx_word' id='word_1_324' title='bbox 1229 3968 1456 4032; x_wconf 88' lang='lat' dir='ltr'><strong>Romanorum</strong></span> <span class='ocrx_word' id='word_1_325' title='bbox 1487 3983 1572 4044; x_wconf 92' lang='lat' dir='ltr'><strong>mos,</strong></span> <span class='ocrx_word' id='word_1_326' title='bbox 1604 3973 1645 4029; x_wconf 86' lang='lat' dir='ltr'><strong>ut</strong></span> <span class='ocrx_word' id='word_1_327' title='bbox 1675 3966 1713 4027; x_wconf 90' lang='lat' dir='ltr'><strong>in</strong></span> <span class='ocrx_word' id='word_1_328' title='bbox 1741 3963 1942 4030; x_wconf 89' lang='lat' dir='ltr'><strong>nominibus</strong></span> 
     </span>
     <span class='ocr_line' id='line_1_29' title="bbox 184 4080 1943 4174; baseline -0.005 -21"><span class='ocrx_word' id='word_1_329' title='bbox 184 4088 252 4153; x_wconf 88' lang='lat' dir='ltr'><strong>Mr.</strong></span> <span class='ocrx_word' id='word_1_330' title='bbox 274 4082 428 4152; x_wconf 74' lang='lat' dir='ltr'><strong>Audiriis</strong></span> <span class='ocrx_word' id='word_1_331' title='bbox 453 4084 491 4152; x_wconf 77' lang='lat' dir='ltr'><strong>V.</strong></span> <span class='ocrx_word' id='word_1_332' title='bbox 500 4085 709 4170; x_wconf 74' lang='lat' dir='ltr'><strong>Pompeiani,</strong></span> <span class='ocrx_word' id='word_1_333' title='bbox 732 4092 788 4151; x_wconf 90' lang='lat' dir='ltr'><strong>cui</strong></span> <span class='ocrx_word' id='word_1_334' title='bbox 809 4088 953 4150; x_wconf 87' lang='lat' dir='ltr'><strong>similem</strong></span> <span class='ocrx_word' id='word_1_335' title='bbox 975 4086 1078 4148; x_wconf 90' lang='lat' dir='ltr'><strong>aliam</strong></span> <span class='ocrx_word' id='word_1_336' title='bbox 1098 4086 1352 4170; x_wconf 87' lang='lat' dir='ltr'><strong>inscriptionem</strong></span> <span class='ocrx_word' id='word_1_337' title='bbox 1374 4087 1451 4174; x_wconf 78' lang='lat' dir='ltr'><strong>lego</strong></span> <span class='ocrx_word' id='word_1_338' title='bbox 1473 4086 1516 4151; x_wconf 85' lang='lat' dir='ltr'><strong>N.</strong></span> <span class='ocrx_word' id='word_1_339' title='bbox 1533 4082 1662 4150; x_wconf 85' lang='lat' dir='ltr'><strong>Tredis&#39;s</strong></span> <span class='ocrx_word' id='word_1_340' title='bbox 1687 4080 1759 4163; x_wconf 65' lang='lat' dir='ltr'><strong>Tus</strong></span> <span class='ocrx_word' id='word_1_341' title='bbox 1780 4085 1943 4166; x_wconf 80' lang='lat' dir='ltr'><strong>frequen·</strong></span> 
     </span>
     <span class='ocr_line' id='line_1_30' title="bbox 184 4200 1941 4289; baseline -0.003 -18"><span class='ocrx_word' id='word_1_342' title='bbox 184 4208 256 4271; x_wconf 89' lang='lat' dir='ltr'><strong>tior</strong></span> <span class='ocrx_word' id='word_1_343' title='bbox 276 4214 326 4269; x_wconf 90' lang='lat' dir='ltr'><strong>est</strong></span> <span class='ocrx_word' id='word_1_344' title='bbox 347 4206 520 4268; x_wconf 88' lang='lat' dir='ltr'><strong>nominum</strong></span> <span class='ocrx_word' id='word_1_345' title='bbox 541 4206 764 4286; x_wconf 87' lang='lat' dir='ltr'><strong>abbreviatio,</strong></span> <span class='ocrx_word' id='word_1_346' title='bbox 787 4204 1063 4289; x_wconf 88' lang='lat' dir='ltr'><strong>quemadmodum</strong></span> <span class='ocrx_word' id='word_1_347' title='bbox 1085 4207 1213 4269; x_wconf 90' lang='lat' dir='ltr'><strong>nummi</strong></span> <span class='ocrx_word' id='word_1_348' title='bbox 1234 4203 1414 4269; x_wconf 80' lang='lat' dir='ltr'><strong>Samnitici</strong></span> <span class='ocrx_word' id='word_1_349' title='bbox 1433 4212 1504 4267; x_wconf 88' lang='lat' dir='ltr'><strong>tarn</strong></span> <span class='ocrx_word' id='word_1_350' title='bbox 1524 4200 1600 4283; x_wconf 80' lang='lat' dir='ltr'><strong>(G.)</strong></span> <span class='ocrx_word' id='word_1_351' title='bbox 1617 4202 1724 4268; x_wconf 78' lang='lat' dir='ltr'><strong>Musti</strong></span> <span class='ocrx_word' id='word_1_352' title='bbox 1742 4202 1815 4267; x_wconf 83' lang='lat' dir='ltr'><strong>sive</strong></span> <span class='ocrx_word' id='word_1_353' title='bbox 1833 4200 1941 4269; x_wconf 75' lang='lat' dir='ltr'><strong>Most</strong></span> 
     </span>
     <span class='ocr_line' id='line_1_31' title="bbox 185 4321 1942 4409; baseline -0.003 -20"><span class='ocrx_word' id='word_1_354' title='bbox 185 4323 370 4404; x_wconf 81' lang='lat' dir='ltr'><strong>Embrotur,</strong></span> <span class='ocrx_word' id='word_1_355' title='bbox 393 4344 491 4408; x_wconf 89' lang='lat' dir='ltr'><strong>quam</strong></span> <span class='ocrx_word' id='word_1_356' title='bbox 513 4322 556 4388; x_wconf 86' lang='lat' dir='ltr'><strong>G.</strong></span> <span class='ocrx_word' id='word_1_357' title='bbox 578 4321 688 4407; x_wconf 84' lang='lat' dir='ltr'><strong>Poopi</strong></span> <span class='ocrx_word' id='word_1_358' title='bbox 708 4323 781 4402; x_wconf 86' lang='lat' dir='ltr'><strong>(G.)</strong></span> <span class='ocrx_word' id='word_1_359' title='bbox 803 4324 961 4409; x_wconf 88' lang='lat' dir='ltr'><strong>inscripti</strong></span> <span class='ocrx_word' id='word_1_360' title='bbox 982 4332 1070 4387; x_wconf 88' lang='lat' dir='ltr'><strong>sunt.</strong></span> <span class='ocrx_word' id='word_1_361' title='bbox 1114 4324 1226 4388; x_wconf 88' lang='lat' dir='ltr'><strong>Patris</strong></span> <span class='ocrx_word' id='word_1_362' title='bbox 1252 4343 1375 4387; x_wconf 90' lang='lat' dir='ltr'><strong>nomen</strong></span> <span class='ocrx_word' id='word_1_363' title='bbox 1402 4324 1474 4386; x_wconf 82' lang='lat' dir='ltr'><strong>sive</strong></span> <span class='ocrx_word' id='word_1_364' title='bbox 1493 4322 1705 4404; x_wconf 86' lang='lat' dir='ltr'><strong>&#39;praenomen</strong></span> <span class='ocrx_word' id='word_1_365' title='bbox 1731 4340 1799 4385; x_wconf 92' lang='lat' dir='ltr'><strong>non</strong></span> <span class='ocrx_word' id='word_1_366' title='bbox 1820 4322 1942 4399; x_wconf 88' lang='lat' dir='ltr'><strong>inseri,</strong></span> 
     </span>
     <span class='ocr_line' id='line_1_32' title="bbox 186 4436 1940 4527; baseline -0.002 -21"><span class='ocrx_word' id='word_1_367' title='bbox 186 4442 244 4508; x_wconf 88' lang='lat' dir='ltr'><strong>sed</strong></span> <span class='ocrx_word' id='word_1_368' title='bbox 265 4442 342 4506; x_wconf 89' lang='lat' dir='ltr'><strong>addi</strong></span> <span class='ocrx_word' id='word_1_369' title='bbox 363 4443 449 4507; x_wconf 88' lang='lat' dir='ltr'><strong>solet</strong></span> <span class='ocrx_word' id='word_1_370' title='bbox 469 4441 679 4523; x_wconf 80' lang='lat' dir='ltr'><strong>nominibns3</strong></span> <span class='ocrx_word' id='word_1_371' title='bbox 710 4441 855 4505; x_wconf 91' lang='lat' dir='ltr'><strong>duorum</strong></span> <span class='ocrx_word' id='word_1_372' title='bbox 874 4462 959 4507; x_wconf 80' lang='lat' dir='ltr'><strong>vero</strong></span> <span class='ocrx_word' id='word_1_373' title='bbox 981 4445 1089 4527; x_wconf 87' lang='lat' dir='ltr'><strong>patris</strong></span> <span class='ocrx_word' id='word_1_374' title='bbox 1109 4445 1282 4507; x_wconf 91' lang='lat' dir='ltr'><strong>nominum</strong></span> <span class='ocrx_word' id='word_1_375' title='bbox 1304 4441 1458 4526; x_wconf 83' lang='lat' dir='ltr'><strong>exempla</strong></span> <span class='ocrx_word' id='word_1_376' title='bbox 1479 4436 1647 4521; x_wconf 90' lang='lat' dir='ltr'><strong>desidero,</strong></span> <span class='ocrx_word' id='word_1_377' title='bbox 1678 4438 1768 4503; x_wconf 90' lang='lat' dir='ltr'><strong>unde</strong></span> <span class='ocrx_word' id='word_1_378' title='bbox 1789 4442 1826 4503; x_wconf 92' lang='lat' dir='ltr'><strong>in</strong></span> <span class='ocrx_word' id='word_1_379' title='bbox 1848 4438 1940 4503; x_wconf 84' lang='lat' dir='ltr'><strong>Her·</strong></span> 
     </span>
     <span class='ocr_line' id='line_1_33' title="bbox 186 4556 1942 4649; baseline -0.005 -21"><span class='ocrx_word' id='word_1_380' title='bbox 186 4564 358 4629; x_wconf 88' lang='lat' dir='ltr'><strong>culanensi</strong></span> <span class='ocrx_word' id='word_1_381' title='bbox 379 4562 599 4644; x_wconf 92' lang='lat' dir='ltr'><strong>inscriptione</strong></span> <span class='ocrx_word' id='word_1_382' title='bbox 619 4560 661 4628; x_wconf 81' lang='lat' dir='ltr'><strong>L.</strong></span> <span class='ocrx_word' id='word_1_383' title='bbox 684 4560 816 4626; x_wconf 83' lang='lat' dir='ltr'><strong>Slodiis</strong></span> <span class='ocrx_word' id='word_1_384' title='bbox 835 4560 959 4628; x_wconf 78' lang='lat' dir='ltr'><strong>Loulil</strong></span> <span class='ocrx_word' id='word_1_385' title='bbox 978 4582 1041 4644; x_wconf 91' lang='lat' dir='ltr'><strong>pro</strong></span> <span class='ocrx_word' id='word_1_386' title='bbox 1063 4558 1106 4627; x_wconf 87' lang='lat' dir='ltr'><strong>L.</strong></span> <span class='ocrx_word' id='word_1_387' title='bbox 1129 4558 1232 4627; x_wconf 76' lang='lat' dir='ltr'><strong>Astu</strong></span> <span class='ocrx_word' id='word_1_388' title='bbox 1259 4560 1435 4649; x_wconf 76' lang='lat' dir='ltr'><strong>legendum</strong></span> <span class='ocrx_word' id='word_1_389' title='bbox 1462 4577 1593 4623; x_wconf 88' lang='lat' dir='ltr'><strong>censeo.</strong></span> <span class='ocrx_word' id='word_1_390' title='bbox 1636 4556 1853 4623; x_wconf 85' lang='lat' dir='ltr'><strong>Multimodis</strong></span> <span class='ocrx_word' id='word_1_391' title='bbox 1879 4574 1942 4623; x_wconf 79' lang='lat' dir='ltr'><strong>ra·</strong></span> 
     </span>
     <span class='ocr_line' id='line_1_34' title="bbox 187 4672 1939 4767; baseline -0.002 -21"><span class='ocrx_word' id='word_1_392' title='bbox 187 4686 276 4746; x_wconf 90' lang='lat' dir='ltr'><strong>riata</strong></span> <span class='ocrx_word' id='word_1_393' title='bbox 297 4681 432 4742; x_wconf 89' lang='lat' dir='ltr'><strong>nomina</strong></span> <span class='ocrx_word' id='word_1_394' title='bbox 452 4680 614 4767; x_wconf 79' lang='lat' dir='ltr'><strong>legimus,</strong></span> <span class='ocrx_word' id='word_1_395' title='bbox 646 4690 687 4744; x_wconf 90' lang='lat' dir='ltr'><strong>ut</strong></span> <span class='ocrx_word' id='word_1_396' title='bbox 705 4680 834 4746; x_wconf 83' lang='lat' dir='ltr'><strong>Herine</strong></span> <span class='ocrx_word' id='word_1_397' title='bbox 855 4692 890 4745; x_wconf 89' lang='lat' dir='ltr'><strong>et</strong></span> <span class='ocrx_word' id='word_1_398' title='bbox 910 4680 1074 4760; x_wconf 83' lang='lat' dir='ltr'><strong>Herenni,</strong></span> <span class='ocrx_word' id='word_1_399' title='bbox 1108 4688 1143 4743; x_wconf 88' lang='lat' dir='ltr'><strong>et</strong></span> <span class='ocrx_word' id='word_1_400' title='bbox 1170 4676 1447 4763; x_wconf 89' lang='lat' dir='ltr'><strong>quemadmodum</strong></span> <span class='ocrx_word' id='word_1_401' title='bbox 1472 4674 1785 4745; x_wconf 66' lang='lat' dir='ltr'><strong>statuerentur</strong></span> <span class='ocrx_word' id='word_1_402' title='bbox 1815 4672 1939 4743; x_wconf 71' lang='lat' dir='ltr'><strong>statut</strong></span> 
     </span>
     <span class='ocr_line' id='line_1_35' title="bbox 187 4792 1934 4886; baseline 0 -21"><span class='ocrx_word' id='word_1_403' title='bbox 187 4801 277 4886; x_wconf 75' lang='lat' dir='ltr'><strong>fliius</strong></span> <span class='ocrx_word' id='word_1_404' title='bbox 297 4801 333 4861; x_wconf 93' lang='lat' dir='ltr'><strong>in</strong></span> <span class='ocrx_word' id='word_1_405' title='bbox 352 4796 557 4862; x_wconf 88' lang='lat' dir='ltr'><strong>Mamertina</strong></span> <span class='ocrx_word' id='word_1_406' title='bbox 577 4803 801 4886; x_wconf 88' lang='lat' dir='ltr'><strong>inscriptione</strong></span> <span class='ocrx_word' id='word_1_407' title='bbox 822 4800 937 4877; x_wconf 77' lang='grc' dir='ltr'>Σιενις</span> <span class='ocrx_word' id='word_1_408' title='bbox 955 4798 1097 4877; x_wconf 69' lang='lat' dir='ltr'><strong>Kaisesa</strong></span> <span class='ocrx_word' id='word_1_409' title='bbox 1117 4800 1238 4865; x_wconf 79' lang='grc' dir='ltr'><strong>Σταττι</strong></span> <span class='ocrx_word' id='word_1_410' title='bbox 1257 4798 1430 4878; x_wconf 89' lang='lat' dir='ltr'><strong>scribitur,</strong></span> <span class='ocrx_word' id='word_1_411' title='bbox 1451 4799 1501 4861; x_wconf 90' lang='lat' dir='ltr'><strong>sic</strong></span> <span class='ocrx_word' id='word_1_412' title='bbox 1516 4793 1670 4877; x_wconf 80' lang='lat' dir='ltr'><strong>Popidis&#39;s</strong></span> <span class='ocrx_word' id='word_1_413' title='bbox 1691 4814 1757 4879; x_wconf 91' lang='lat' dir='ltr'><strong>pro</strong></span> <span class='ocrx_word' id='word_1_414' title='bbox 1777 4792 1934 4879; x_wconf 70' lang='lat' dir='ltr'><strong>Papisius</strong></span> 
     </span>
     <span class='ocr_line' id='line_1_36' title="bbox 187 4912 1937 5006; baseline -0.002 -23"><span class='ocrx_word' id='word_1_415' title='bbox 187 4920 335 5006; x_wconf 85' lang='lat' dir='ltr'><strong>scriptus</strong></span> <span class='ocrx_word' id='word_1_416' title='bbox 356 4936 424 4982; x_wconf 87' lang='lat' dir='ltr'><strong>nou</strong></span> <span class='ocrx_word' id='word_1_417' title='bbox 445 4927 610 5001; x_wconf 86' lang='lat' dir='ltr'><strong>quatuor,</strong></span> <span class='ocrx_word' id='word_1_418' title='bbox 640 4918 700 4982; x_wconf 90' lang='lat' dir='ltr'><strong>sed</strong></span> <span class='ocrx_word' id='word_1_419' title='bbox 729 4920 838 4985; x_wconf 89' lang='lat' dir='ltr'><strong>tribus</strong></span> <span class='ocrx_word' id='word_1_420' title='bbox 869 4919 1010 5003; x_wconf 75' lang='lat' dir='ltr'><strong>syllabis</strong></span> <span class='ocrx_word' id='word_1_421' title='bbox 1040 4915 1309 5006; x_wconf 86' lang='lat' dir='ltr'><strong>pronuntiandus</strong></span> <span class='ocrx_word' id='word_1_422' title='bbox 1339 4935 1409 4982; x_wconf 85' lang='lat' dir='ltr'><strong>esse</strong></span> <span class='ocrx_word' id='word_1_423' title='bbox 1440 4912 1595 4981; x_wconf 77' lang='lat' dir='ltr'><strong>ridetur:</strong></span> <span class='ocrx_word' id='word_1_424' title='bbox 1639 4914 1774 4979; x_wconf 83' lang='lat' dir='ltr'><strong>vocalis</strong></span> <span class='ocrx_word' id='word_1_425' title='bbox 1805 4917 1821 4981; x_wconf 81' lang='grc' dir='ltr'><strong><em>ἰ</em></strong></span> <span class='ocrx_word' id='word_1_426' title='bbox 1851 4914 1937 4979; x_wconf 85' lang='lat' dir='ltr'><strong>cuins</strong></span> 
     </span>
    </p>
   </div>
   <div class='ocr_carea' id='block_1_4' title="bbox 0 0 2127 5722">
    <p class='ocr_par' dir='ltr' id='par_1_5' title="bbox 0 0 2127 5722">
     <span class='ocr_line' id='line_1_37' title="bbox 0 0 2127 5722; baseline 0 0"><span class='ocrx_word' id='word_1_427' title='bbox 0 0 2127 5722; x_wconf 95' lang='lat' dir='ltr'><strong> </strong></span> 
     </span>
    </p>
   </div>
  </div>
 </body>
</html>
