4244 5722
947 587 1149 651 -3..

186 759 238 836 jus
257 757 350 818 111111
381 763 598 837 acceperunt,
631 728 718 815 sicut
748 751 898 814 omnibus
918 749 1052 813 Umbris
1078 754 1195 815 civitas
1224 750 1300 814 data
1328 761 1377 815 est
1402 750 1662 832 11116611,
1691 749 1813 815 Cicero
1844 771 1904 837 pro

186 874 287 937 Iialbo
309 893 337 935 c.
361 874 410 935 20.
434 873 595 933 meminit.
1700 872 1703 877 ·

201 1043 209 1053 .
349 992 381 1056 11.
426 986 708 1070 Quemadmodum
728 987 821 1073 picus
843 1004 909 1050 non
930 988 1038 1051 solum
1058 987 1147 1071 apud
1166 987 1323 1069 Sabinos,
1351 1000 1390 1054 ut
1409 988 1596 1067 strabo-v,
1618 992 1650 1068 4,
1671 992 1701 1055 2.
1718 998 1797 1077 ‘pug-
1818 990 1905 1067 2111,
1979 967 1983 979 ’

188 1121 221 1174 et
241 1112 276 1170 in
297 1110 417 1184 Latio,
451 1118 489 1170 ut
510 1106 636 1170 Plinius
656 1106 703 1167 Η.
725 1104 768 1167 Ν.
794 1104 856 1183 111,
878 1109 919 1169 19
940 1107 1007 1182 (18)
1039 1117 1073 1168 et
1091 1105 1287 1170 Plutarchus
1309 1107 1348 1189 Q.
1378 1108 1415 1169 11.
1437 1112 1488 1173 21.
1521 1116 1701 1186 testantur,
1731 1104 1792 1168 sed
1820 1106 1907 1191 apud

187 1228 330 1291 Umbros
351 1245 498 1309 qnoque,
532 1236 570 1287 nt
602 1234 711 1286 sextae
744 1223 875 1286 tabulae
907 1225 1041 1286 initium
1067 1215 1193 1301 docet,¹
1213 1227 1249 1285 in
1269 1226 1418 1311 auguriis
1439 1225 1633 1309 principalis
1653 1226 1723 1288 avis
1744 1225 1828 1303 mit,
1858 1227 1906 1286 sic

186 1349 288 1442 etiam
309 1345 460 1407 o'mnibus
481 1320 538 1405 his'
553 1342 686 1429 populis
707 1343 888 1424 antiquitus
908 1340 1015 1405 Marti
1035 1362 1128 1404 sacra
1147 1341 1271 1426 templa
1291 1343 1438 1422 fuerunt,
1462 1363 1603 1424 quorum
1624 1341 1716 1404 aliud
1728 1340 1909 1424 Dionysius

186 1464 265 1526 Hal
288 1462 314 1523 1.
337 1483 409 1549 pag.
436 1467 473 1525 11
495 1481 541 1543 sq.
565 1462 601 1520 in
621 1460 704 1522 urbe
724 1458 925 1521 Sabinorum
951 1459 1057 1539 Sana,
1090 1458 1185 1523 aliud
1215 1464 1251 1522 in
1277 1461 1361 1522 urbe
1387 1460 1493 1522 'I'iora
1516 1460 1665 1524 Matiana
1689 1460 1909 1548 Aboriginum

186 1588 358 1659 memorat,
381 1577 469 1661 quod
486 1576 624 1670 ¹quidem
645 1578 818 1641 oraculum
837 1582 1103 1663 antiquissimum
1123 1576 1210 1640 haud
1231 1579 1380 1640 absimile
1401 1581 1504 1642 fuerit
1520 1578 1712 1656 Dodonaeo,
1733 1580 1799 1639 nisi
1820 1572 1910 1659 quod

186 1699 346 1766 Dodonae
367 1695 482 1759 sedens
504 1698 539 1757 in
560 1715 653 1757 sacra
674 1717 799 1779 quercu
820 1697 990 1776 columba,
1023 1694 1110 1781 apud
1130 1696 1327 1783 Aborigines
1360 1706 1476 1758 contra
1506 1699 1599 1781 picus
1626 1700 1662 1757 iu
1694 1694 1850 1759 columna
1870 1692 1911 1754 li·

64 1796 68 1812 ¹
108 1882 111 1886 ,
186 1838 269 1908 gnea
289 1817 539 1879 vaticinaretur.
581 1814 688 1899 Agros
710 1811 855 1875 Casilum
875 1834 956 1891 vero
978 1823 1076 1896 atque
1093 1814 1242 1875 Tlatium
1267 1812 1307 1876 ad
1327 1817 1463 1876 vicum
1483 1814 1638 1879 Martis
1659 1811 1911 1877 Tudertium

186 1936 384 2023 pertinuisse
405 1941 503 2016 puto,
536 1950 679 2014 quorum
704 1934 815 1994 vicani
847 1935 883 1992 in
914 1932 1028 1993 multis
1057 1932 1328 2017 inscriptionibus
1349 1930 1436 2015 apud
1457 1929 1591 1997 Gruter.
1615 1928 1854 2009 CCCCXXIII,
1877 1933 1906 1994 l.

186 2049 372 2129 MXXXII,
397 2054 424 2112 1.
447 2044 697 2127 MLXXXVII,
719 2053 749 2113 9.
781 2058 814 2111 et
833 2048 920 2133 apud
941 2050 1065 2111 Mutat.
1089 2048 1332 2129 DCCCXLIV,
1353 2055 1383 2115 9.
1414 2047 1525 2128 MXC,
1547 2055 1578 2116 6.
1601 2051 1769 2139 leguntur.
1812 2045 1911 2131 Quod

186 2174 215 2232 si
235 2158 316 2255 agei·
333 2164 690 2229 TlatiusDolatium
712 2167 787 2240 fuit,
811 2186 952 2248 quorum
973 2185 1123 2227 nummos
1144 2166 1405 2248 1111Τλα(τε)
1426 2171 1603 2253 inscriptos
1624 2189 1666 2231 ex
1684 2189 1756 2230 mea
1778 2164 1912 2250 quidem

186 2289 363 2358 sententia,
395 2301 494 2366 quam
525 2285 561 2342 in
580 2280 788 2381 Ephemerid.
812 2283 1065 2346 Hannoveranis
1093 2287 1332 2348 numismaticis
1363 2306 1391 2347 a.
1421 2288 1510 2352 1835.
1544 2308 1594 2348 nr.
1619 2284 1782 2348 XXVIII.
1806 2285 1835 2366 ξ.
1860 2287 1908 2350 19.

187 2419 221 2472 et
240 2428 269 2468 a.
293 2406 383 2471 1836.
406 2421 456 2462 nr.
481 2400 561 2478 VII,
583 2399 611 2483 §.
632 2405 663 2467 4.
687 2404 723 2462 in
743 2399 891 2462 medium
911 2401 1056 2484 protuli,
1089 2422 1264 2486 perperam
1292 2401 1333 2465 ad
1354 2403 1543 2466 Telamonis
1563 2415 1698 2489 portum
1718 2408 1753 2465 in
1774 2404 1911 2466 Etruria

186 2526 384 2599 retulerunt,
407 2518 554 2598 Dolates,
578 2539 659 2601 quos
681 2519 873 2581 Pliniusfl.
898 2518 940 2580 N.
964 2519 1024 2598 ΙΙΙ,
1049 2524 1088 2585 19
1110 2522 1178 2597 (ll)
1200 2523 1289 2582 inter
1299 2520 1457 2584 Umbriae
1477 2524 1618 2607 populos
1639 2532 1798 2601 recenset,
1820 2520 1911 2585 baud

187 2642 305 2729 procul
325 2640 503 2701 abfuerunt
524 2636 563 2699 ab
585 2638 647 2698 illo
668 2639 744 2699 fano
766 2638 904 2716 Martis,
936 2639 1028 2715 cujus
1050 2636 1172 2701 rudera
1192 2639 1243 2700 his
1265 2641 1344 2723 ipsis
1367 2642 1571 2725 temporibus
1593 2640 1720 2704 detecta
1741 2639 1908 2704 dicuntur.

186 2760 291 2824 Iidem
312 2767 437 2832 autem,
461 2759 538 2838 qnia
558 2753 735 2817 Sallentini
756 2765 852 2817 erant
873 2758 1085 2842 cognomine,
1112 2756 1222 2818 verbis
1243 2755 1462 2839 Ιαπεξκθμ
1489 2779 1585 2839 111111
1592 2781 1617 2839 μ
1638 2759 1701 2837 IV,
1723 2779 1752 2836 a,
1773 2762 1822 2824 17.
1845 2759 1868 2821 J
1875 2779 1911 2820 a·

185 2883 356 2943 buscom
386 2893 498 2935 nome
530 2872 591 2949 VI,
615 2894 645 2950 a,
666 2876 718 2939 58.
753 2872 1027 2958 sive·Japusco
1059 2893 1174 2935 nome
1196 2873 1274 2952 VII,
1297 2894 1328 2951 a,
1350 2877 1400 2940 47.
1434 2874 1600 2963 designari
1631 2875 1795 2940 videntur.
1835 2878 1910 2940 Etsi

187 3001 275 3062 enim
295 2995 492 3079 Iapygicum
523 3009 642 3051 nomen
673 2993 709 3050 in
741 3001 858 3072 quarta
889 2991 1017 3071 tabula,
1051 2993 1224 3070 interjecta
1247 2994 1903 3077 101111μ111,1111111111’111111111ῑί1

186 3114 292 3178 tribus
313 3109 501 3172 nominibus
523 3117 711 3191 separatum
733 3117 798 3186 est,
821 3107 857 3168 id
879 3118 987 3170 tamen
1008 3106 1050 3170 ad
1067 3109 1208 3196 Iapyges
1230 3112 1339 3194 potius
1360 3114 1395 3172 in
1415 3111 1565 3190 Umbria,
1588 3132 1686 3192 qnam
1707 3111 1749 3174 ad
1768 3111 1908 3174 Umbros

185 3237 221 3295 in
240 3231 380 3315 Iapygia
400 3229 521 3288 refero.
565 3225 684 3287 Micali
706 3224 839 3308 quidem
861 3227 883 3286 l.
907 3228 928 3286 1.
959 3227 998 3288 Τ.
1023 3227 1048 3288 I.
1071 3248 1144 3314 pag.
1168 3232 1218 3294 71.
1243 3231 1279 3290 in
1300 3226 1451 3319 Gargano
1473 3241 1601 3308 monte,
1624 3252 1721 3314 quem
1742 3232 1910 3320 Virgilius

185 3350 224 3411 A.
247 3346 307 3427 XI,
330 3350 401 3412 247.
425 3344 581 3431 Iapygem
609 3363 670 3427 pro
692 3341 801 3426 Apulo
822 3345 1012 3427 appellavit,
1034 3346 1157 3407 vallem
1178 3349 1267 3408 inter
1288 3348 1389 3409 colles
1409 3348 1547 3411 silvosos
1570 3352 1748 3411 etiamnum
1767 3348 1909 3413 Umbre-

186 3489 262 3530 rum
283 3467 416 3526 nomine
437 3466 600 3549 insignem
621 3464 765 3546 reperit,
786 3460 843 3524 sed
863 3461 1137 3545 quemadmodum
1158 3451 1276 3528 Umbri
1297 3467 1332 3526 in
1352 3463 1522 3550 Apuliam,
1545 3471 1592 3528 sio
1613 3467 1755 3556 Japyges
1776 3472 1813 3531 in
1831 3468 1910 3532 Ilm-

187 3588 294 3649 briam
315 3585 460 3669 migrare
481 3591 671 3664 potuerunt.

350 3705 380 3766 6.
404 3700 545 3761 Romani
576 3695 689 3761 eadem
722 3697 913 3783 prudentia,
945 3721 1009 3783 qua
1030 3702 1176 3764 colonias
1209 3706 1334 3767 civium
1355 3705 1516 3768 militares
1538 3704 1758 3784 deducebant,
1791 3707 1908 3792 quibus

57 3840 61 3847 ’
186 3843 282 3909 agros
304 3827 480 3903 occupatos
502 3814 732 3895 defenderent,
765 3818 884 3881 Horat.
907 3816 941 3879 S.
966 3816 1010 3896 ΙΙ,
1035 3824 1064 3898 l,
1086 3823 1127 3886 35
1147 3842 1230 3904 sqq:,
1261 3822 1370 3885 hostes
1402 3843 1477 3885 snos
1498 3827 1533 3885 in
1554 3824 1650 3887 Italia
1672 3824 1834 3904 devictos,
1866 3845 1909 3887 111

186 3946 310 4004 iterum
332 3938 476 4014 coirent,
509 3938 544 3996 in
576 3933 722 3997 diversas
753 3938 904 4022 regiones
936 3934 1153 4001 abduxerunt.
1197 3937 1307 4020 Quum
1328 3943 1433 4028 igitur
1463 3962 1484 4002 a
1502 3942 1603 4005 Liuio
1625 3929 1704 4020 XV,
1727 3946 1808 4028 epit.
1832 3944 1908 4007 coll

186 4057 398 4146 11111119.
424 4058 463 4119 17
483 4074 529 4135 sq.
563 4054 699 4137 Eutrop.
734 4053 779 4131 II,
802 4055 831 4117 9.
857 4052 1197 4133 (1111111111,,1ο(11111
1223 4060 1293 4120 fere
1314 4069 1483 4144 tempore,
1515 4081 1580 4143 quo
1602 4055 1788 4123 Picentibus
1808 4065 1908 4125 victis

186 4198 248 4262 pax
280 4174 355 4237 data
385 4182 418 4234 et
449 4173 599 4232 coloniae
620 4170 810 4232 Ariminum
823 4167 827 4175 '
840 4173 876 4232 iu
898 4170 1032 4250 Piceno,
1065 4174 1287 4238 Beneventum
1319 4181 1355 4239 in
1375 4176 1510 4240 Samnio
1533 4176 1691 4241 deductae
1712 4188 1799 4257 sunt,
1828 4159 1908 4242 Um·

185 4297 263 4357 bros
295 4303 329 4355 et
347 4290 550 4353 Sallentinos
581 4292 688 4351 victos
709 4282 806 4371 atque
838 4292 873 4351 in
895 4287 1098 4353 deditionem
1119 4304 1269 4377 acceptos
1291 4315 1377 4374 esse,
1410 4294 1491 4378 quid
1521 4300 1624 4384 magis
1646 4308 1695 4359 est
1715 4297 1907 4376 verisImile,

186 4433 284 4498 quam
305 4410 506 4473 Sallentinos
529 4419 600 4470 tum
622 4429 640 4468 e
660 4408 800 4493 Iapygia
821 4410 855 4467 in
877 4407 1065 4489 Umbriam,
1100 4408 1243 4473 Umbros
1272 4423 1386 4475 contra
1412 4419 1447 4474 in
1469 4413 1622 4498 Apuliam
1644 4436 1712 4477 esse
1733 4414 1908 4479 abductos?

185 4530 242 4594 Sic
273 4533 362 4592 enim
384 4528 533 4589 Picentes
565 4545 717 4607 quoque,
750 4523 859 4588 Strab.
884 4526 929 4604 V,
952 4537 1034 4591 extr.
1057 4526 1142 4589 Plin.
1171 4530 1215 4591 H.
1239 4529 1283 4595 N.
1307 4530 1368 4610 III,
1390 4535 1441 4609 9.,
1474 4531 1514 4593 ad
1536 4532 1684 4595 Silarum
1714 4553 1846 4596 amnem
1875 4537 1908 4597 in

184 4650 334 4713 Lucania
368 4646 553 4708 habitantes
585 4644 744 4731 legimus,
777 4664 842 4726 quo
871 4647 941 4706 sine
963 4643 1065 4708 dubio
1088 4641 1203 4708 eodem
1225 4626 1373 4734 temfire
1394 4649 1529 4713 abducti
1550 4663 1642 4728 sunt,
1675 4671 1740 4734 qno
1760 4653 1908 4730 Romani,

184 4778 258 4853 post
278 4764 476 4827 Tarentinos
497 4761 603 4828 uictos
625 4781 652 4822 a.
675 4760 716 4823 11.
740 4781 768 4823 1.
791 4763 862 4828 487.
897 4764 998 4825 totius
1019 4763 1136 4826 ltaliae
1156 4768 1297 4849 imper
1318 4770 1429 4851 potiti,
1463 4779 1605 4852 quatuor
1615 4768 1814 4850 Quaestores
1832 4789 1908 4856 pro-

186 4884 343 4951 vinciales
364 4885 534 4959 fecerunt,
558 4899 700 4964 quorum
721 4882 848 4963 primus
870 4879 981 4945 Ostiae
1009 4902 1140 4946 omnem
1159 4887 1330 4973 'regionem
1359 4889 1449 4951 inter
1467 4887 1614 4950 Tuscum
1635 4908 1725 4952 mare
1747 4899 1783 4953 et
1802 4888 1907 4975 Apen-
