4244 5722
950 648 1200 715 ...51-

207 842 322 919 »pore,
348 833 410 889 sut
430 841 499 909 quo
527 819 679 886 coloniae
700 816 796 892 duce,
825 824 884 880 aut
904 813 1027 897 quibus
1046 815 1114 879 acti
1134 810 1264 877 casibus
1290 814 1459 897 antiquam
1480 814 1625 901 patriam
1645 815 1869 899 reliquerints
1901 778 1982 905 οῇΡ

206 944 369 1014 iusum
391 942 555 1007 Graecam
575 940 693 1018 secuti,
715 936 779 999 hoc
799 934 927 997 nullius
948 935 1096 998 auctoris
1117 931 1238 1027 Graeci
1259 934 1450 995 testimonio
1473 935 1724 998 confirmarunt.
1759 936 1822 999 liei
1842 938 1951 1024 igitur

205 1066 349 1132 »veritas
370 1058 538 1147 quomodo
560 1077 595 1121 sc
616 1056 747 1133 habeat,
769 1055 937 1118 incertum
958 1062 1018 1116 est.
1050 1049 1198 1134 Quodsi
1219 1052 1364 1114 istorum
1385 1069 1495 1115 sermo
1516 1072 1617 1116 verm
1639 1063 1700 1135 est,
1722 1072 1788 1117 non
1809 1064 1952 1141 possunt

204 1182 337 1251 moloni
355 1200 428 1244 esse
448 1180 554 1242 ullius
575 1175 716 1238 alterius
743 1174 876 1261 generis
905 1190 1006 1253 quam
1034 1167 1223 1233 Arcadici«.
1266 1168 1357 1233 Tum
1377 1180 1551 1255 postquam
1572 1174 1772 1237 sententiam
1793 1194 1886 1238 suam
1908 1192 1950 1237 ex

204 1304 261 1377 iis,
290 1318 375 1385 quse
401 1294 611 1378 abantiquis
640 1294 747 1379 po'e'lis
775 1301 809 1356 et
829 1289 1021 1355 fabularum
1049 1287 1270 1374 scriptoribus
1299 1286 1341 1351 de
1361 1286 1495 1351 sedibus
1517 1299 1551 1353 et
1577 1309 1701 1378 genere
1722 1291 1951 1357 Oenotroruns

204 1422 336 1506 scripta
354 1418 501 1493 inerunt,
533 1413 677 1498 probare
699 1419 839 1474 conatus
860 1419 921 1487 est,
949 1405 1074 1487 adjecit
1093 1406 1183 1485 1,13.
1206 1406 1288 1470 haec
1310 1425 1411 1490 ρακια
1431 1409 1571 1470 minime
1591 1408 1797 1492 probabilia:
1832 1409 1951 1475 »Arbi-

207 1543 436 1606 »uocantem
457 1534 547 1617 ipsos
569 1533 737 1596 Oenotros
763 1549 839 1592 cum
861 1527 969 1592 multa
996 1527 1064 1589 alia
1084 1525 1203 1589 Italiae
1230 1526 1307 1589 loca
1335 1544 1524 1612 occupasse,
1556 1546 1641 1610 quae
1668 1530 1793 1613 partim
1820 1527 1952 1597 deserta

210 1654 351 1741 »parlim
370 1650 458 1715 male
479 1650 571 1715 culta
592 1649 685 1711 nacti
707 1650 852 1725 lucrant,
882 1656 954 1710 tum
978 1647 1080 1708 etiam
1102 1647 1177 1733 agri
1198 1655 1329 1729 partem
1349 1645 1498 1729 aliquam
1518 1643 1655 1708 Umbris
1676 1644 1852 1728 ademisse,
1881 1648 1952 1711 Ab·

212 1774 375 1862 »origines
396 1780 509 1835 sutem
530 1779 679 1847 vocatos,
702 1765 792 1851 quod
813 1768 849 1829 in
869 1762 1040 1827 montibus
1054 1762 1247 1827 habitarent
1257 1761 1472 1839 (Arcadicum
1495 1765 1585 1825 enim
1606 1772 1657 1827 est
1670 1765 1834 1827 montium
1855 1765 1951 1830 habi·

210 1890 352 1957 statione
373 1886 563 1964 delectari),
594 1897 633 1950 ut
660 1886 688 1947 ii
709 1886 768 1966 qui
787 1882 928 1948 Athenis
949 1881 1156 1968 Hyperacrii
1176 1890 1211 1945 et
1238 1880 1389 1943 Parhalii
1409 1879 1649 1944 vocabantur«.
1693 1879 1841 1946 Meliora
1861 1902 1950 1965 sane,
2018 1952 2021 1956 ,

206 1984 382 2071 Timaeum
409 2016 555 2084 secutus,
589 2000 756 2089 Scymnus
789 2000 893 2065 Chius
922 2002 1047 2064 cecinit
1074 2002 1111 2062 in
1140 1997 1231 2062 orbis
1260 1995 1488 2082 descriptione
1514 2019 1547 2063 v.
1568 2001 1631 2064 216
1651 2019 1733 2085 sqq,
1766 2021 1868 2085 quum
1895 2001 1952 2066 vsl

204 2122 358 2188 fabulosa
372 2114 441 2188 “illa
470 2124 512 2188 de
533 2122 740 2188 Umbrorum
762 2122 896 2208 origine
926 2139 947 2181 a
979 2116 1095 2181 Circes
1126 2125 1161 2180 et
1187 2114 1304 2179 Ulixei
1333 2116 1408 2178 lilio
1436 2115 1560 2180 Latino
1587 2127 1690 2202 atqua
1716 2117 1890 2184 Ausonum
1910 2120 1952 2184 ab

201 2238 320 2306 Ulixei
341 2252 376 2307 et
397 2241 596 2325 Calypsonis
616 2240 689 2300 lilio
710 2237 857 2311 Ausona,
889 2235 1089 2317 quibuscum
1110 2239 1144 2293 et
1165 2233 1238 2308 illa,
1269 2251 1356 2313 qnae
1377 2234 1443 2309 jam
1465 2235 1719 2317 antiquissimus
1740 2246 1862 2302 auctor
1882 2238 1954 2301 Hs·

76 2358 87 2369 '
200 2356 317 2423 siodus
339 2362 375 2421 in
397 2357 595 2443 Theogonis
614 2375 647 2419 v.
669 2354 750 2419 1011
772 2371 843 2434 sqq.
865 2346 906 2412 de
926 2347 1032 2435 Agrio
1053 2350 1125 2410 sive
1146 2345 1274 2409 Umbro
1295 2358 1393 2429 alque
1414 2349 1536 2412 Latino
1558 2353 1694 2431 cecinit,
1722 2363 1757 2418 et
1776 2355 1846 2433 illa,
1868 2375 1954 2440 quas

89 2454 112 2497 ⁶
202 2476 364 2565 Hyginus
392 2470 571 2554 Μυθολογ.
603 2488 633 2533 ο.
657 2470 728 2532 127.
759 2476 793 2529 et
820 2466 935 2527 Festus
955 2484 981 2525 s.
1004 2485 1037 2526 v.
1061 2463 1298 2526 Mamiliorum
1320 2465 1450 2525 familia
1471 2484 1512 2525 ex
1535 2467 1694 2546 opinione
1716 2472 1867 2533 omnium
1888 2472 1953 2537 llo·

205 2608 382 2657 manorum
403 2597 502 2671 alque
523 2586 628 2671 ipsius
649 2584 807 2666 Dionysii
828 2581 942 2645 Halia.
973 2578 1036 2657 IV,
1048 2578 1100 2646 Ab.
1130 2589 1389 2658 annotaverunt,
1419 2592 1623 2667 congruunt,
1653 2582 1817 2652 Graecam
1838 2588 1952 2654 saltim

211 2708 379 2775 Ausonum
400 2706 569 2791 originem
589 2710 764 2766 testentur.
809 2696 969 2761 Ceterum
988 2694 1142 2762 Ausones
1162 2696 1252 2776 Osci,
1283 2699 1342 2780 qui
1362 2708 1419 2760 eet
1442 2698 1620 2764 tbeseesou
1642 2720 1706 2787 pro
1733 2714 1789 2768 eet
1824 2706 1954 2773 theses·

209 2846 276 2893 ross
295 2832 356 2891 est.
379 2820 584 2899 scribebant,
606 2819 739 2882 nonnisi
759 2812 911 2883 Ausones
930 2815 1003 2880 sire
1013 2813 1176 2893 Ausones,
1198 2812 1468 2880 sicutAereecos
1489 2821 1625 2882 nonnisi
1634 2818 1817 2903 Auruncos,
1838 2822 1954 2891 dicere

207 2952 400 3033 potuerunt.
444 2938 535 3003 Hinc
556 2935 733 3002 Saturnini
754 2953 885 3020 quoquc
906 2936 942 2996 in
955 2934 1093 2997 Etruria
1113 2930 1297 2996 secundum
1318 2932 1466 2998 Plinium
1486 2934 1534 2997 H.
1548 2935 1591 2999 N.
1605 2937 1666 3018 111,
1679 2942 1710 3008 5.
1725 2938 1953 3020 (amusium

208 3058 419 3141 dicebantur,
450 3076 533 3142 qnos
563 3053 718 3139 equidem
745 3048 1016 3141 Ἀβοριγῖνας
1047 3052 1207 3132 Dionysii
1234 3050 1539 3115 Halicarnassensis
1567 3056 1639 3121 sive
1670 3054 1953 3147 Ἀβοριγίνας

208 3181 358 3245 aliorum
378 3172 559 3241 secundum
579 3173 786 3259 Stephanum
807 3171 1034 3253 bysuntinum
1054 3170 1276 3252 interpretor,
1302 3171 1426 3254 quippo
1446 3190 1591 3253 qnorum
1613 3190 1717 3258 opera
1738 3176 1868 3268 Pelasgi
1888 3180 1954 3249 Se·

210 3296 361 3375 semim,
381 3302 466 3359 teste
485 3292 651 3375 Dionysio
672 3289 751 3365 lto
772 3298 871 3370 extr,
899 3288 956 3353 vel
983 3285 1110 3350 Siculis
1137 3285 1283 3371 expulsis
1304 3288 1504 3371 eripuerunt
1530 3291 1586 3353 rel
1617 3292 1659 3355 ab
1690 3312 1726 3358 ss
1744 3295 1954 3363 aedificatam

208 3412 432 3479 incoluerunt.
474 3410 562 3475 Ante
582 3407 783 3495 Aborigines
804 3418 915 3472 antem
937 3405 1070 3469 Siculos
1090 3404 1271 3467 incoluisse
1291 3402 1497 3486 Saturniam,
1520 3408 1698 3475 oraculum
1720 3410 1817 3479 docet
1837 3434 1954 3480 seeun-

183 3552 187 3557 ·
208 3531 289 3596 dnm
307 3530 500 3593 Varronem
520 3526 610 3614 apud
630 3525 846 3593 Macrobium
867 3523 900 3591 S.
923 3524 950 3604 1,
962 3528 994 3590 7.
1017 3533 1052 3586 et
1071 3523 1287 3586 Lactantium
1309 3521 1336 3602 1,
1347 3524 1399 3588 21.
1421 3522 1569 3612 Pelasgis
1590 3524 1716 3609 datum,
1747 3529 1847 3615 quod,
1868 3542 1954 3599 teste

207 3650 371 3733 Dionysio
394 3646 423 3727 l,
436 3650 476 3714 19
497 3656 584 3710 extr.
613 3646 655 3709 L.
677 3644 819 3709 Mallius
840 3644 911 3719 sius
932 3641 1106 3720 Manilius,
1129 3645 1186 3726 qui
1207 3642 1320 3706 Plinio
1341 3642 1387 3707 H.
1400 3640 1443 3709 N.
1465 3641 1510 3724 X,
1526 3647 1556 3710 2.
1579 3645 1635 3720 (cf.
1658 3647 1744 3712 Fest.
1767 3669 1793 3711 s.
1806 3671 1838 3714 v.
1861 3672 1953 3718 sexn-

206 3766 377 3852 gessers'os)
398 3764 676 3852 diligentissimus
696 3776 891 3855 togatorum
910 3771 1057 3845 senator,
1079 3763 1233 3824 maximis
1254 3759 1428 3839 doctrinis,
1450 3762 1546 3825 nullo
1568 3760 1716 3840 doctore,
1737 3767 1874 3850 nobilis,
1894 3789 1954 3836 au·

208 3884 270 3966 dit,
291 3886 327 3949 in
346 3881 483 3969 tripode
503 3880 645 3968 quodam
667 3884 787 3969 templi
807 3881 982 3946 Dodonaei
1002 3883 1113 3946 literis
1134 3880 1282 3963 antiquis
1303 3879 1513 3965 exsculptum
1534 3879 1659 3947 vidisse
1680 3880 1822 3951 dicitnr:

187 4002 195 4013 '
456 3993 610 4082 Ssslxsss
629 3995 807 4084 μαιόμενοι
828 3998 976 4067 Σικελῶν
995 3991 1183 4089 Σατορνίαν
1203 3987 1294 4077 αἶαν,

455 4114 526 4185 rie
544 4112 791 4209 Ἀβοριγινέων
811 4110 975 4204 Κοτύλην,
997 4107 1039 4185 οὗ
1058 4117 1161 4196 νᾶσος
1179 4108 1318 4199 ὀχεῖται,

459 4225 521 4315 Οἷς
540 4230 778 4322 ἇναμιχθέντςς
800 4230 942 4324 δεκάτην
962 4232 1159 4327 ἐκπέμψατε
1184 4229 1300 4319 Φοίβω
1322 4246 1386 4301 cet.

204 4354 367 4439 Quamvis
387 4353 504 4418 multis
524 4354 591 4437 jam
618 4355 784 4420 aetatibus
804 4367 882 4421 anta
908 4352 1037 4420 ballum
1057 4354 1247 4435 Troianum
1266 4355 1331 4418 hoc
1353 4356 1480 4418 factum
1500 4356 1556 4437 sit,
1587 4358 1726 4422 minime
1747 4370 1857 4425 umen
1878 4384 1951 4431 cre·

202 4470 351 4539 dandum
372 4481 423 4536 est
444 4454 622 4555 Dionysio,
650 4473 846 4541 Peucetiam
867 4476 934 4557 jam
954 4471 1178 4559 septendecim
1210 4473 1482 4560 generationibus
1508 4485 1585 4539 ants
1606 4476 1743 4541 Iliacam
1764 4480 1951 4567 expeditio·

204 4610 281 4657 nem
304 4610 381 4655 cum
402 4591 509 4653 fratre
530 4588 679 4655 Oenotro
708 4612 751 4657 ex
770 4590 918 4656 Arcadia
946 4591 988 4656 ad
1015 4591 1135 4655 ltaliae
1161 4592 1241 4654 litus
1270 4591 1447 4676 appulisse.
1490 4592 1741 4661 Emendandnm
1768 4608 1819 4665 est
1838 4610 1952 4667 auten

205 4706 302 4775 aliud
321 4727 451 4795 quoque
473 4708 705 4772 tastlmonium
725 4709 816 4796 apud
836 4710 978 4774 Paulum
1001 4708 1207 4773 Diaconum:
1241 4706 1396 4793 »Peligni
1416 4728 1458 4773 ex
1483 4709 1623 4795 Illyrico
1645 4717 1730 4781 erlis
1763 4715 1840 4781 inde
1860 4718 1951 4784 enim

208 4828 374 4913 »profecti
399 4826 505 4889 ductu
524 4823 659 4888 Volsini
688 4828 790 4915 regis,
824 4830 880 4893 cui
911 4845 1097 4917 cognomen
1127 4828 1195 4891 fuit
1224 4828 1384 4909 Lucullo,
1415 4839 1547 4915 partem
1579 4831 1700 4896 Italiae
1731 4848 1949 4922 occuparunt.

209 4944 344 5025 »Huius
362 4946 502 5009 fuerunt
521 4951 660 5027 nepotes
679 4941 833 5027 Paclnns,
854 4967 875 5012 a
895 4966 961 5033 quo
981 4943 1170 5027 Perimes,
1194 4955 1230 5011 et
1248 4946 1389 5026 Pelicns,
1410 4967 1431 5011 a
1452 4969 1518 5033 quo
1539 4945 1704 5035 Peligsss‘e.

1454 5119 1499 5181 7*
