4244 5722
947 579 1223 668 '-1a-

225 773 282 852 sit,
314 779 354 836 nt
385 769 578 856 oppositum
605 765 661 830 illi
690 766 800 831 cadom
830 775 1051 850 spontaneum
1078 764 1207 850 aliquid
1232 765 1305 832 sive
1332 761 1486 835 ἑκούσιον
1511 768 1671 860 designet
1714 772 1796 844 Acti
1821 781 1893 844 sive
1913 789 1970 847 aot

226 910 260 955 v.
281 894 334 958 20.
357 908 421 975 pro
441 898 551 973 atque,
573 889 662 951 sicut
681 886 757 952 inim
778 886 850 950 sive
871 888 907 952 in
927 908 961 953 v.
973 889 1024 951 12.
1036 889 1088 954 26.
1098 887 1151 954 28.
1164 904 1227 972 pro
1249 887 1341 966 etin
1360 906 1423 951 usu
1445 890 1559 970 fuisse,
1571 891 1733 957 Abellana
1752 898 1866 962 tabula
1875 898 1904 979 1,
1914 901 1970 966 22.

228 1016 263 1071 et
282 1009 335 1075 29.
358 1004 465 1071 docet
509 1004 676 1069 Graecum
707 993 807 1070 αὖτε
836 1002 972 1090 quidem
1000 1007 1070 1069 sive
1096 1005 1262 1085 Latinum
1286 1016 1390 1072 astera
1411 1005 1637 1073 differentiam
1657 1030 1773 1078 rerum
1793 1018 1971 1107 significat,

228 1126 316 1189 sicut
337 1134 373 1189 st
394 1123 485 1211 apud
505 1122 648 1186 Paulum
669 1122 877 1204 Diaconum3
898 1123 958 1188 sed
976 1124 1138 1188 Latinum
1159 1132 1257 1208 atque
1277 1142 1318 1187 ex
1338 1122 1550 1190 adversativa
1570 1131 1806 1210 conjunctione
1827 1145 1863 1199 at
1883 1132 1972 1199 deri·

227 1253 344 1310 vatum
364 1245 499 1321 scimus,
524 1260 619 1309 ινειι
641 1251 754 1306 autem
774 1244 846 1307 sive
866 1263 964 1308 eros
983 1245 1021 1306 in
1041 1241 1197 1331 Iguvinis
1217 1241 1340 1306 tabulis
1361 1262 1493 1328 quoque
1504 1244 1566 1327 IV,
1577 1246 1611 1327 b,
1622 1251 1673 1316 31.
1685 1269 1749 1334 pro
1770 1259 1803 1314 ct
1812 1248 1874 1329 VI,
1884 1255 1969 1330 am.

227 1373 428 1448 usurpatum
450 1371 508 1426 est
552 1359 676 1425 Utrum
695 1362 764 1443 piei
783 1381 817 1426 v.
839 1361 870 1428 t.
893 1359 1027 1426 dativus
1047 1359 1229 1450 singularis
1248 1361 1305 1424 vel
1325 1364 1553 1426 nominativus
1574 1364 1717 1450 pluralis
1737 1370 1782 1432 sit
1803 1371 1974 1454 pronomi-

227 1481 281 1544 nis
301 1480 441 1546 relativi
459 1481 514 1562 pis
534 1500 568 1545 v.
589 1481 620 1547 8.
643 1478 816 1546 etltt.‹vel
836 1483 881 1560 4.,
903 1489 1044 1565 propter
1064 1478 1163 1544 verbi
1179 1487 1364 1561 pertemere..
1386 1483 1635 1548 truncationem
1654 1482 1724 1547 dici
1743 1488 1876 1572 nequit3
1898 1496 1974 1553 ants

226 1601 281 1682 pis
301 1619 385 1663 vero
405 1621 439 1663 v.
462 1600 494 1666 8.
517 1617 660 1663 eversu
681 1601 711 1664 4.
733 1616 810 1662 sose
829 1595 1054 1684 supplendum
1075 1596 1223 1678 videtur,
1254 1607 1295 1662 ut
1319 1618 1395 1663 soce
1418 1601 1475 1682 pis
1501 1618 1545 1684 po
1567 1604 1656 1684 capit
1675 1621 1738 1687 pro
1766 1607 1798 1671 si
1817 1608 1976 1691 quisquo

230 1719 320 1798 capit
341 1719 505 1803 scriptum
534 1718 591 1797 sit,
620 1713 901 1800 quemadmodum
922 1739 955 1783 v.
977 1720 1028 1782 lo.
1057 1716 1124 1799 pod
1146 1718 1201 1798 pis
1230 1716 1288 1780 dot
1314 1734 1376 1802 pro
1407 1718 1495 1802 quod
1520 1720 1594 1802 qais
1614 1717 1682 1783 dat.
1724 1721 1777 1783 An
1796 1744 1879 1789 vero
1898 1732 1980 1809 post

227 1844 305 1917 post
326 1856 407 1902 exso
426 1855 607 1923 perperam
628 1845 802 1900 exaratum
823 1837 867 1899 sit
887 1853 951 1920 pro
971 1834 1039 1917 pod
1056 1843 1133 1916 post
1154 1852 1235 1899 erac
1254 1836 1327 1900 sive
1348 1837 1437 1922 qaod
1445 1837 1597 1921 posthoc,
1619 1834 1709 1924 quod
1731 1860 1764 1905 v.
1776 1841 1827 1908 29.
1839 1841 1979 1931 legitur,

230 1965 372 2039 propter
392 1956 561 2018 incertum
581 1953 765 2048 verborum
787 1963 980 2018 contextum
1001 1950 1142 2017 delinire
1162 1973 1231 2018 uon
1252 1955 1368 2021 ausim.

398 2072 482 2139 Post
502 2093 584 2138 exso
610 2092 673 2159 pro
699 2071 840 2156 posthac
864 2074 914 2135 sic
942 2074 1107 2157 scriptum
1135 2082 1196 2153 est,
1225 2070 1506 2157 quemadmodum
1525 2097 1558 2141 v.
1582 2075 1750 2144 111115
1770 2095 1819 2159 sq.
1842 2081 1982 2144 contrad

231 2193 322 2257 cseic
341 2210 406 2278 pro
428 2191 666 2258 adversariae
693 2193 730 2253 iu
757 2190 832 2271 lege
860 2187 949 2266 apud
969 2191 1103 2251 Festum
1122 2210 1148 2253 s.
1170 2211 1204 2253 v.
1223 2192 1358 2269 publica
1376 2193 1534 2273 pondera,
1555 2195 1612 2259 vel
1633 2212 1761 2260 escas
1782 2196 1819 2257 in
1839 2194 1976 2281 Pompo-

230 2309 326 2388 janae
346 2311 579 2391 inscriptionis
599 2305 700 2368 initio
722 2320 785 2384 pro
807 2302 843 2365 in
864 2299 936 2379 boc,
963 2296 1053 2362 unde
1074 2300 1162 2363 desc
1181 2318 1215 2364 v.
1241 2302 1305 2375 16..
1334 2298 1424 2385 quod
1450 2298 1614 2367 Umbrico
1642 2325 1747 2374 cocu
1772 2315 1808 2375 in
1829 2315 1979 2400 Iguvinis

230 2424 357 2489 tabulis
376 2421 440 2500 111,
453 2424 524 2496 a,l.
545 2399 738 2504 respondet,
772 2418 822 2479 sic
844 2414 970 2494 differt,
1002 2424 1042 2479 ut
1070 2416 1159 2481 crete
1180 2414 1220 2478 ab
1243 2418 1341 2482 cizeic
1361 2439 1395 2482 v.
1418 2421 1470 2485 21.
1492 2419 1564 2485 sive
1583 2422 1648 2488 izic
1666 2445 1699 2491 v.
1721 2428 1784 2507 14,
1817 2428 1982 2494 Umbrica

231 2545 298 2611 iseo
318 2544 355 2604 in
376 2539 528 2630 Iguvinis
549 2537 673 2602 tabulis
683 2533 747 2616 V'I,
759 2555 790 2616 a,
800 2534 853 2602 25.
875 2534 931 2598 vel
951 2532 1075 2597 Latino
1096 2535 1157 2601 sic.
1198 2533 1254 2598 Ne
1274 2535 1350 2621 quis
1370 2545 1482 2601 autem
1502 2547 1609 2624 putet,
1629 2541 1731 2606 Oscos
1752 2548 1841 2614 cseic
1861 2544 1983 2611 eodem

231 2659 333 2725 modo
354 2659 591 2746 pronuntiasse
611 2675 677 2740 qao
699 2655 798 2718 ciseio
817 2653 888 2717 sive
912 2653 986 2731 istc,
1009 2654 1088 2736 quia
1107 2654 1229 2721 meddis
1247 2675 1281 2720 v.
1302 2655 1333 2724 Β.
1355 2662 1442 2723 extr.
1463 2655 1610 2721 Volscus
1630 2660 1735 2724 medic
1755 2672 1805 2726 est
1825 2665 1862 2727 iu
1883 2662 1984 2727 Veli·

119 2850 121 2855 ,
232 2788 331 2844 terna
352 2776 574 2860 inscriptione
594 2774 652 2837 vel
672 2772 772 2834 Ennii
792 2770 921 2836 meddix
942 2768 1031 2855 apud
1053 2770 1193 2837 Paulum
1208 2771 1408 2853 Diaconum,
1431 2772 1473 2838 ad
1493 2775 1595 2839 aliam
1615 2780 1822 2862 pronominis
1844 2779 1982 2845 demon·

233 2895 370 2963 strativi
391 2895 536 2957 formam
557 2913 654 2956 suas
675 2890 748 2953 sive
768 2910 840 2955 ena
862 2899 896 2950 et
917 2908 1029 2951 stass
1049 2908 1213 2970 provoco,
1235 2908 1320 2970 quae
1341 2887 1470 2976 legitur
1489 2895 1526 2956 iu
1545 2896 1822 2982 inscriptionibus
1843 2898 1983 2987 Pompe·

233 3016 288 3098 jis,
311 3013 455 3099 Capuae,
476 3010 617 3076 Abellae
638 3006 794 3093 repertis.
837 3002 923 3067 Ero
944 3022 1008 3088 pro
1029 3024 1132 3069 εκακ
1152 3003 1257 3067 scribi
1276 3006 1399 3090 potuit,
1421 3009 1701 3089 quemadmodum
1721 3016 1757 3078 in
1778 3015 1980 3083 Mamertina

233 3132 454 3219 inscriptione
474 3147 574 3213 ηισα
594 3146 660 3214 pro
681 3126 793 3204 eizeic,
827 3131 927 3206 atque
954 3123 991 3185 in
1012 3120 1164 3210 Iguvinis
1184 3119 1307 3185 tabulis
1327 3121 1389 3202 111,
1403 3143 1434 3204 a,
1448 3127 1498 3192 14.
1523 3147 1595 3193 eoa
1619 3151 1683 3213 pro
1714 3152 1812 3197 coes
1832 3133 1893 3214 111,
1906 3155 1937 3216 a,
1950 3141 1980 3201 1.

234 3249 380 3339 legiturs
408 3247 490 3311 hino
510 3248 547 3310 iu
568 3254 684 3309 nostra
705 3261 840 3327 quoquo
860 3241 976 3305 tabula
996 3263 1030 3307 v.
1054 3246 1104 3307 lo.
1135 3258 1221 3304 ecam
1242 3259 1302 3323 rep
1322 3240 1454 3323 [efacrd
1472 3262 1535 3328 pro
1556 3243 1618 3308 boc
1636 3265 1697 3310 ace
1715 3247 1799 3328 fecit
1819 3254 1983 3339 scriptum

236 3379 297 3433 est.
341 3366 485 3447 Fefocid
510 3366 601 3428 euim
622 3363 703 3427 Osci
723 3381 801 3425 cum
822 3358 1087 3446 reduplicatione
1108 3357 1280 3438 dixerunt,
1302 3358 1581 3444 quemadmodum
1601 3363 1748 3446 sefacast
1768 3387 1801 3435 v.
1817 3373 1866 3435 11.
1879 3379 1913 3434 et
1928 3375 1982 3440 17.

236 3506 300 3573 pro
322 3484 441 3569 fecerit
461 3484 604 3547 Latinae
625 3482 709 3570 legis
729 3502 762 3546 v.
774 3485 805 3549 ti.
819 3482 893 3544 sive
913 3478 1006 3560 faxit
1026 3476 1115 3566 apud
1136 3468 1270 3543 Festum
1291 3479 1505 3563 emporitica
1522 3482 1679 3564 pondera,
1702 3494 1801 3571 atquo
1821 3486 1985 3555 Umbrica

238 3624 403 3692 poscor
423 3604 460 3666 iu
481 3601 633 3690 Iguviuis
654 3600 775 3665 tabulis
795 3599 823 3681 I,
833 3602 885 3668 31.
930 3598 1061 3664 Factsd
1078 3620 1111 3664 v.
1135 3602 1166 3666 9.
1201 3615 1266 3683 pro
1297 3597 1499 3684 imperativo
1531 3599 1638 3681 facito
1666 3612 1717 3701 est
1742 3605 1988 3691 accipiendum,

239 3727 296 3810 qui
316 3720 479 3787 Umbrica
500 3720 574 3802 [ets
594 3722 666 3785 sive
685 3720 774 3802 faita
794 3717 974 3782 scribitur:
997 3713 1277 3802 quemadmodum
1297 3736 1380 3782 voro
1402 3717 1443 3781 ab
1464 3719 1666 3806 imperativo
1687 3723 1786 3787 sctad
1803 3743 1836 3788 v.
1854 3727 1904 3793 15.
1921 3746 1989 3812 pro

239 3845 336 3927 agito
357 3836 544 3905 infinitivus
565 3858 654 3904 acum
675 3860 708 3905 v.
730 3841 782 3907 24.
805 3839 979 3918 scribitur,
1008 3838 1057 3899 sic
1078 3835 1199 3902 deicum
1219 3857 1252 3903 v.
1276 3840 1338 3917 1⁰,
1367 3834 1456 3900 unde
1476 3840 1630 3904 futurum
1650 3848 1802 3906 exactum
1821 3843 1928 3910 diceet
1950 3866 1987 3908 v.

241 3963 291 4029 14.
314 3971 349 4026 et
368 3960 587 4048 participium
608 3958 740 4025 deiocus
760 3979 793 4023 v.
816 3961 847 4025 9.
870 3956 1007 4046 legitur,
1029 3974 1093 4039 pro
1114 3955 1283 4019 infinitivo
1304 3955 1413 4020 dicere
1433 3959 1542 4043 accipi
1562 3966 1686 4045 potest,
1705 3957 1763 4023 sed
1783 3981 1825 4024 au
1845 3971 1928 4027 stom
1949 3984 1988 4028 v.

240 4080 273 4146 9.
295 4097 358 4164 pro
376 4080 475 4144 istam
494 4080 659 4164 scriptum
681 4079 736 4155 sit,
759 4077 838 4161 quia
859 4077 973 4141 omnia
993 4073 1077 4139 haec
1097 4074 1226 4138 incerta
1247 4075 1459 4140 lacitversus
1479 4078 1663 4158 uncatis,
1684 4079 1849 4143 affirmari
1859 4083 1989 4165 nequit.

241 4197 397 4262 Verbum
418 4207 495 4262 ante
515 4197 637 4262 aseddis
656 4217 690 4261 v.
703 4195 735 4264 8.
757 4194 876 4261 babeat
896 4193 1075 4284 legendum
1095 4190 1242 4273 videtur,
1264 4191 1354 4257 unde
1374 4194 1470 4279 tiptd
1482 4197 1619 4280 pariter
1640 4192 1764 4279 differt,
1786 4207 1885 4283 atque
1897 4202 1992 4284 capit

241 4317 405 4382 Latinum
425 4336 446 4380 a
466 4318 587 4399 capiat.
630 4313 795 4397 Probips'd
824 4316 915 4378 euim
940 4336 975 4381 v.
996 4315 1049 4383 25.
1078 4331 1146 4376 uon
1177 4313 1282 4400 magis
1312 4312 1493 4401 respondet
1522 4314 1646 4379 Latino
1675 4315 1858 4398 probibeat,
1889 4337 1992 4402 quam

241 4437 417 4520 prubipast
437 4458 469 4501 v.
491 4436 543 4502 26.
565 4424 689 4512 Latino
719 4433 944 4516 prohibuerim
975 4430 1034 4496 sed
1044 4414 1050 4427 '⁴
1059 4452 1163 4516 quum
1184 4451 1203 4495 e
1223 4432 1366 4496 Latinae
1387 4433 1472 4522 legis
1497 4433 1611 4498 verbis
1630 4456 1663 4500 v.
1685 4436 1718 4502 ’1.
1739 4439 1788 4501 sei
1805 4437 1992 4518 postulabit

244 4560 320 4640 paci
339 4565 428 4638 petet
447 4557 505 4638 per
526 4561 769 4636 recuperatores
790 4560 1022 4640 cognoscatur,
1054 4549 1096 4615 de
1116 4547 1312 4636 repetundis
1333 4553 1389 4638 agi
1409 4553 1445 4614 in
1466 4562 1581 4617 nostra
1603 4551 1727 4634 tabula,
1749 4553 1844 4637 bipid
1862 4556 1992 4644 signifi·

245 4684 303 4740 oat
321 4671 411 4737 idem
433 4671 524 4757 quod
542 4675 637 4756 petit,
660 4682 768 4756 atquo·
777 4671 938 4756 probipid
955 4669 1045 4733 idem
1065 4666 1156 4753 quod
1177 4672 1305 4751 repetit.
1337 4670 1386 4736 Its·
1405 4689 1489 4735 vero
1510 4671 1580 4735 sive
1601 4673 1665 4752 sei,
1687 4671 1778 4756 quod
1798 4683 1876 4738 ante
1896 4673 1993 4758 tipto

245 4791 384 4881 legitur,
416 4809 480 4876 pro
501 4810 573 4854 -ιιοιι
594 4788 662 4854 dici
683 4791 821 4872 solebat,
854 4786 1138 4875 quemadmodum
1157 4806 1219 4870 nep
1240 4789 1312 4852 sive
1332 4789 1406 4871 reip
1427 4789 1532 4855 v..15.
1543 4789 1595 4858 25.
1607 4791 1661 4859 28.
1682 4811 1746 4876 pro
1767 4812 1835 4859 nec.
1878 4791 1930 4857 Au
1953 4795 1992 4856 in

246 4912 346 4976 initio
366 4928 485 4976 versus
505 4910 535 4977 9.
557 4911 592 4977 io
611 4928 677 4996 pro
698 4920 731 4977 et
756 4907 977 4997 supplendum
997 4910 1051 4991 sit,
1073 4927 1141 4973 non
1161 4907 1287 4994 liquet3
1308 4905 1367 4976 eed
1387 4910 1491 4977 cituco
1510 4909 1681 4998 genitivus
1702 4912 1804 4976 etiam
1830 4913 1866 4983 in
1887 4912 1990 4977 initio
